3075 5150
221 606 227 621 ,
362 522 1178 631 41⁶·1sarrouar101v.svruu
1260 509 1377 625 [9411.

307 724 309 731 ’
361 690 541 811 redegerit
584 702 718 786 'Verum
733 708 1002 791 haechastenus.
1047 712 1134 785 Illuc
1147 710 1261 799 redeo,
1286 708 1376 785 vnde

363 810 574 891 excesseram·
610 821 820 889 Menexenus
828 818 952 913 itaque,
975 813 1260 911 Cephifophontis
1276 810 1378 898 filius,

361 916 582 1016 Cephisodoti
609 917 712 988 huius
745 919 898 1015 itemque
929 925 1025 989 meus
1045 914 1290 999 consobrinus,
1319 914 1377 986 cui

279 1010 283 1023 '
366 1022 483 1121 portio
506 1017 698 1089 hereditatis
722 1042 791 1116 par·
805 1042 901 1088 meae
924 1019 1107 1115 competit,
1134 1012 1303 1087 astionem
1325 1012 1378 1085 ad·

297 1182 301 1195 .
364 1119 481 1193 uersus
496 1142 554 1189 eos
569 1116 717 1205 instituit,
745 1120 804 1216 qui
816 1111 993 1214 nobisque,
1012 1114 1143 1213 ipsique
1156 1118 1380 1208 [Menexeno]

365 1219 501 1294 aduersu
520 1233 556 1290 et
575 1221 673 1290 noxia
685 1215 793 1291 testati
811 1218 962 1303 fuerant3
984 1222 1249 1313 Lyconemque‚
1273 1238 1380 1313 quern

365 1324 516 1423 primum
533 1322 567 1391 in
585 1320 746 1391 iudicium
753 1318 941 1402 induxerat,
963 1339 1061 1389 reum
1078 1320 1226 1415 peregit3
1250 1320 1380 1414 quiLy·

368 1444 412 1493 eo
430 1418 566 1493 testatus
585 1418 710 1507 iuerat,
742 1419 782 1509 ab
803 1418 972 1492 auunculo
996 1414 1109 1490 nostro
1127 1420 1381 1511 Dicaeogenem

271 1596 274 1605 ,
364 1520 484 1609 irunt,
516 1523 574 1618 qui
595 1520 706 1593 adhue
726 1518 889 1623 superest,
913 1520 1043 1612 ealege
1064 1514 1160 1591 fuiffe
1174 1518 1382 1615 adoptatum,

367 1635 406 1694 vt
429 1620 599 1695 bonorum
622 1621 760 1693 suorum
785 1648 825 1694 ex
848 1616 913 1693 affe
933 1620 1034 1691 heres
1057 1616 1147 1692 effet.
1205 1622 1305 1691 Haec
1326 1618 1384 1689 iile

229 1790 236 1809 ,
335 1718 338 1725 ’
365 1726 461 1818 Lyco
477 1720 630 1810 testatus,
657 1720 724 1795 falfi
741 1719 817 1794 uiui
837 1720 1016 1794 testimonii
1033 1716 1208 1793 conuitius
1223 1720 1278 1797 est.
1327 1720 1385 1790 Di·

249 1838 251 1847 ‘
369 1845 555 1917 naeogenes
569 1826 683 1921 itaque
698 1850 738 1896 eo
755 1820 924 1908 redastus,
948 1836 987 1892 vt
1000 1825 1065 1893 iam
1082 1848 1153 1893 non
1167 1822 1314 1919 amplius
1322 1844 1384 1892 vos

366 1924 527 2027 decipere
545 1920 670 2022 poffet,
693 1925 773 2023 quid
787 1925 881 2018 egit?
908 1920 1065 2020 persuafit
1089 1930 1304 2009 Menexeno,
1326 1946 1386 1994 no·

369 2023 537 2123 doumque
552 2025 711 2123 suamque
727 2025 854 2098 causam
871 2048 1093 2096 communem
1110 2026 1241 2117 agenti,
1263 2024 1386 2121 (pudet

371 2130 549 2229 mimnero
562 2127 734 2226 prodere,
764 2152 851 2223 quae
872 2140 1015 2223 propter
1038 2126 1126 2197 iilius
1143 2126 1384 2219 [Dicaeogeuis

235 2294 249 2321 ,
326 2234 329 2241 ⁴
367 2243 455 2332 puta
473 2244 575 2325 atque
596 2231 799 2317 Menexeni]
817 2227 1075 2325 ‘improbitatem
1088 2228 1249 2325 proloqui
1264 2230 1385 2319 cogor)

370 2328 533 2429 quidnam
549 2328 683 2399 facere?
707 2346 812 2399 ratam
828 2326 1020 2399 hereditatis
1029 2331 1224 2426 portionem
1235 2324 1298 2398 fibi
1307 2352 1387 2399 con·

369 2434 561 2523 tingentem
575 2456 594 2500 a
608 2428 640 2500 se
655 2426 819 2518 aufferre,
841 2432 1032 2526 gratiaeque
1049 2432 1083 2500 in
1097 2426 1292 2500 mercedem
1309 2452 1386 2517 nos,

399 2542 522 2602 uorum
539 2528 667 2602 causam
682 2547 813 2624 ageret,
835 2524 896 2603 fibi
907 2530 1070 2628 prodere,
1096 2532 1156 2603 reli
1181 2554 1317 2629 uosque
1331 2528 1389 2602 fat

280 2633 282 2638 ’
369 2556 424 2706 dos
441 2627 539 2706 testes
555 2633 589 2704 in
607 2631 720 2704 forum
735 2631 889 2704 nondum
903 2631 1027 2727 abipso
1044 2557 1247 2728 pertrados,
1272 2627 1387 2704 miiioa

364 2729 510 2827 efacere,
554 2735 651 2804 venia
677 2733 920 2831 persecutionis
950 2731 1088 2804 forensis
1116 2731 1194 2831 ipis
1222 2729 1387 2806 concessa.

372 2835 470 2907 Haec
493 2857 572 2919 nos,
606 2833 647 2905 ab
670 2838 785 2906 amicis
808 2836 935 2933 pariter
950 2835 1163 2931 inimicisque
1186 2833 1387 2928 tolerantes,

242 3001 243 3004 ,
372 2947 489 3006 minen
512 2937 725 3034 quieuimus3
758 2949 795 3006 et
816 2935 1003 3033 producam
1025 2933 1148 3006 advos
1171 2931 1270 3006 testes
1286 2933 1386 3008 nobis

372 3035 478 3110 huius
496 3037 545 3120 rei
556 3033 715 3107 futuros..
756 3035 859 3133 restes.
906 3040 1035 3107 vesum
1056 3033 1173 3133 pastus
1186 3021 1293 3108 istaec
1307 3061 1389 3108 cum

371 3135 589 3230 Dicaeogene
603 3141 837 3234 Menexenus,
865 3135 906 3208 ab
922 3133 982 3207 isto
995 3135 1126 3208 delusus
1144 3134 1220 3215 fuit
1241 3137 1276 3208 id
1293 3133 1388 3234 quod

272 3283 275 3294 ·
371 3240 407 3310 ei
420 3232 525 3322 reste,
549 3234 593 3307 fic
610 3237 747 3324 merito,
774 3239 927 3329 contigit
974 3237 1145 3310 Filiorum
1153 3235 1388 3312 enimtestiurn

373 3335 641 3436 §persecutione
656 3363 735 3408 cum
755 3333 925 3410 destitiiiet
946 3343 1175 3425 Menexenus,
1198 3355 1303 3436 atque
1323 3363 1388 3410 nos

307 3475 311 3484 ·
401 3433 589 3528 mdiditiet,
616 3435 786 3512 fraudatus
808 3437 855 3511 est
875 3441 915 3511 iis
935 3441 1204 3530 emolumentis,
1234 3454 1385 3537 quorum

372 3464 434 3637 ἔρα
445 3533 576 3610 illestus
590 3537 678 3610 iliam
694 3537 871 3638 perfidiam
885 3539 927 3610 ad
944 3538 977 3610 se
990 3539 1187 3614 admiserat:
1224 3541 1386 3612 Iniuriam

278 3637 281 3649 ’
373 3639 464 3717 hanc
478 3665 497 3710 a
510 3641 721 3733 Dicaeogene
733 3635 843 3740 patius
857 3643 1069 3713 Menexenus
1082 3639 1194 3714 rursus
1209 3639 1383 3714 adnostns

437 3753 487 3812 tes
504 3740 618 3826 rediit,
646 3755 682 3812 et
703 3767 782 3829 uos,
814 3743 979 3829 arbitrati,
1008 3742 1216 3834 Dicaeogeni
1229 3744 1296 3814 iam
1312 3741 1387 3816 nul·

349 3905 352 3912 .
372 3765 441 3914 Ed
463 3843 608 3938 amplius
632 3841 825 3918 hereditatis
848 3846 1044 3941 portionem
1062 3859 1276 4014 compptere,
1300 3839 1387 3940 post·

362 3967 474 4041 ,quam
492 3939 589 4012 testes
606 3942 646 4012 ab
664 3967 706 4015 eo
719 3943 904 4030 subornati,
927 3941 997 4015 falfi
1012 3941 1090 4014 disti
1105 3959 1141 4016 te
1168 3947 1385 4016 'moniicoan

372 4045 449 4138 goti
463 4039 585 4130 etiem,
606 4041 656 4122 ,de
676 4047 807 4140 integro
824 4071 905 4118 cum
923 4070 965 4114 eo
979 4043 1022 4115 de
1036 4044 1185 4116 uniuerso
1199 4044 1384 4117 hereditate

314 4239 320 4244 .
372 4167 415 4218 ex
428 4145 529 4220 titulo
544 4145 1023 4254 propioris-consanguinitatis
1032 4145 1280 4222 contendimus.
1307 4151 1384 4226 Qun

340 4288 348 4296 ·
429 4293 434 4302 ·
507 4293 512 4302 ’
750 4292 756 4315 ¹
1291 4267 1386 4325 Ιὶῐθ
