3075 5150
338 582 411 691 ³⁸8
492 568 662 644 -rsaar
700 534 911 639 ounrre
941 568 989 640 11.
1018 528 1195 668 svera
1285 572 1369 663 35.·u

179 786 184 793 ·
221 724 264 817 s
339 749 418 841 litia
436 746 514 833 elle.
563 748 656 831 Quid
672 748 742 821 ita?
766 712 1240 847 lpsoneadeofauirenumine
1255 746 1368 849 [quod

177 852 182 863 ’
343 878 473 929 nomen
490 852 603 947 nepti,
627 844 798 931 diuidet,
823 850 944 922 titulus
960 853 1041 922 iuris
1062 868 1099 922 et
1114 850 1369 925 documentum

342 956 563 1052 ingenuitatis
588 947 656 1024 elle
676 946 862 1050 potuillet]
889 958 1026 1049 epatre
1048 948 1209 1049 impolito
1223 978 1369 1025 uxorem

187 1054 191 1069 '
343 1057 518 1159 priuatum
539 1053 609 1125 ibat
623 1051 691 1152 iple
708 1045 876 1127 maritus?
907 1056 992 1126 Non
1009 1058 1073 1126 iam
1089 1054 1207 1153 liquet,
1227 1054 1373 1142 iudices,

343 1186 433 1259 quae
448 1160 484 1231 hi
500 1154 630 1228 dudum
644 1168 724 1226 ante
743 1151 892 1228 euenille
904 1156 1017 1243 aiunt,
1041 1181 1081 1228 ea
1095 1156 1161 1229 hos
1186 1181 1299 1255 nuper
1312 1156 1373 1228 de·

183 1258 185 1267 ’
206 1330 211 1355 ,
341 1287 461 1350 mum,
482 1257 611 1333 dudum
629 1252 705 1356 post
721 1254 853 1329 causam
869 1257 958 1329 hanc
973 1258 1009 1329 in
1025 1256 1139 1331 forum
1156 1258 1313 1347 delatam,
1329 1283 1374 1331 ex

259 1375 267 1387 “
340 1362 375 1437 se
392 1374 612 1437 commentos
626 1352 703 1448 elle,
727 1373 763 1431 et
775 1360 865 1430 inter
877 1358 942 1430 lese
956 1356 1163 1457 comparalle
1178 1375 1374 1460 atquecon·

341 1460 480 1537 dixille?
506 1465 635 1557 Neque
650 1463 742 1533 enim
758 1456 830 1535 fieri
844 1456 971 1559 potest,
995 1486 1112 1559 neque
1130 1460 1289 1534 credibile
1313 1458 1375 1553 eli,

241 1590 249 1613 ¹
340 1580 380 1641 vt
395 1562 495 1665 telles
510 1563 650 1663 quidem
672 1560 712 1635 ad
728 1562 816 1635 saera
831 1562 982 1635 natalicia
995 1563 1307 1637 concelebrandum
1322 1580 1375 1639 at.

155 1680 164 1701 ’
227 1710 235 1721 -
343 1694 413 1769 que
428 1663 737 1759 congratulandum
752 1666 882 1750 vocati,
908 1662 1102 1765 quaefacta
1121 1662 1256 1763 peralta
1272 1670 1375 1739 aiunt

343 1770 482 1843 decimo
495 1768 549 1841 die
564 1793 583 1839 a
597 1780 675 1838 nata
689 1766 822 1863 Pyrrho
839 1764 914 1853 filia,
933 1792 1023 1865 quae
1038 1766 1156 1839 eadem
1173 1768 1275 1841 huius
1289 1770 1372 1861 [Νί-

342 1870 495 1971 eodemi]
520 1895 560 1941 ex
577 1866 692 1940 sorore
708 1870 825 1966 neptis
848 1864 913 1957 ell,
936 1894 1067 1942 nomen
1092 1868 1226 1942 mulieri
1247 1884 1326 1943 tum
1352 1897 1375 1943 a

369 1986 440 2046 atre
461 1970 627 2056 inditum,
659 1960 785 2072 abillo
805 1968 886 2041 inde
910 1968 982 2058 die,
998 1957 1197 2071 quicurlqne
1217 1970 1275 2045 ille
1297 1972 1374 2045 diea

340 1994 425 2164 luit,
448 2088 519 2146 tam
533 2072 640 2165 longo
655 2086 818 2170 tempore
828 2066 906 2171 post
918 2073 1105 2171 tamprobe
1121 2074 1376 2147 commeminis-

296 2189 300 2199 '
342 2174 435 2265 sent,
458 2177 600 2273 eiusque
615 2194 787 2245 memores
800 2175 836 2244 in
857 2171 1022 2246 iudicium
1041 2178 1287 2263 conuenirent,
1312 2202 1375 2249 eo·

318 2295 485 2377 *rumque
497 2274 665 2349 iudicibus
680 2300 700 2347 e
717 2272 1029 2349 certa'conscientia
1036 2274 1292 2363 confirmarent,
1308 2304 1377 2351 no·

343 2406 425 2453 men
439 2406 457 2453 a
471 2394 569 2478 patre
584 2375 671 2449 filiae
684 2372 783 2450 fuille
796 2376 887 2449 idem
904 2376 1119 2477 impolitum,
1147 2378 1241 2477 quod
1263 2376 1377 2477 iplius
1422 2443 1423 2446 ,

222 2524 225 2547 r
341 2480 462 2579 Pyrrhi
481 2494 589 2551 mater
603 2474 760 2576 geffill'et,
785 2479 956 2553 Clearetae
968 2494 1052 2579 puta
1058 2497 1077 2582 3·
1081 2483 1154 2653 ‘Fui
1176 2496 1292 2553 autem
1309 2482 1377 2557 ho-
1422 2543 1423 2548 ,

342 2585 477 2656 minum
501 2584 659 2656 omnium
676 2580 789 2654 eidem
802 2581 881 2655 sunt
890 2585 1080 2681 propinqui
1104 2585 1183 2670 rmi,
1206 2599 1321 2681 pater,
1338 2599 1380 2658 et

342 2685 551 2774 auunculus,
576 2698 613 2756 et
633 2698 742 2755 mater
762 2681 847 2782 ipsa,
871 2689 1000 2756 no‘men
1023 2688 1255 2779 ignorauerint
1271 2683 1380 2779 filiae,

344 2795 449 2886 quam
464 2794 529 2885 pro
547 2785 668 2882 Pyrulri
683 2781 751 2858 filia
764 2783 953 2860 venditant.
999 2790 1077 2860 Imo
1092 2783 1215 2860 veroli
1231 2789 1291 2888 qui
1302 2789 1379 2880 alii,

345 2889 384 2961 hi
403 2889 496 2981 eert'e
511 2889 671 2959 omnium
686 2889 744 2960 vni
759 2889 894 2986 optime
908 2901 1011 2986 atque
1032 2885 1212 2961 certislime
1239 2913 1381 2968 nomen

344 2985 678 3068 mulierietenebnnt.
709 2991 841 3062 Verum
850 2989 919 3062 hoc
928 2989 1067 3088 quidem
1077 2991 1205 3064 deloco
1214 2990 1379 3091 pluribus
1420 3084 1421 3089 ἵ

275 3095 278 3105 ’
344 3083 502 3164 disserere
517 3085 653 3164 fortelle
669 3087 890 3189 postmodum
906 3081 1031 3169 licebit,
1065 3097 1121 3165 De
1134 3093 1237 3164 huius
1252 3109 1379 3166 eutem

343 3193 531 3266 Nicodemi
547 3189 742 3266 testimonie
757 3188 894 3264 difficile
908 3217 980 3265 non
995 3191 1043 3266 est
1057 3221 1098 3265 ex
1110 3193 1187 3293 iplra
1194 3194 1280 3266 adeo
1289 3194 1379 3290 legi.

344 3293 410 3367 bus
419 3295 590 3390 colligere,
597 3297 632 3366 in
641 3319 684 3366 eo
693 3293 838 3368 dicendo
845 3296 1080 3368 Nicodemum
1089 3299 1136 3368 ita
1143 3293 1175 3368 sa
1188 3291 1378 3389 gellrllevt

204 3501 208 3510 1
267 3429 275 3442 ν
343 3399 435 3469 inter
445 3421 566 3469 omnes
574 3391 1042 3480 constet,illudtestimonium
1049 3396 1378 3497 perspicuemanile·

344 3496 466 3598 stoque
480 3498 599 3572 falsum
610 3493 825 3572 elleditlum.
846 3497 913 3571 Vbi
921 3502 1024 3587 enim,
1039 3497 1203 3599 quicquid
1217 3516 1258 3572 tu
1273 3499 1377 3573 alteri

345 3603 556 3699 nuptiarum,
571 3615 630 3674 aut
644 3601 852 3672 matrimonii
866 3625 948 3694 ergo
957 3601 1088 3676 dederis
1097 3605 1153 3690 ita,
1167 3599 1380 3699 vteepreffis

344 3702 457 3775 verbis
471 3703 563 3775 haud
578 3700 619 3774 fis
629 3700 815 3802 stipulatus,
831 3703 961 3776 terelle
976 3720 1013 3776 vt
1020 3703 1053 3775 id
1062 3721 1122 3776 aut
1135 3702 1313 3776 loeodotis
1320 3699 1379 3802 fit,

187 3835 193 3843 ·
347 3817 407 3876 aut
420 3807 457 3875 in·
469 3823 567 3903 parte
582 3803 672 3876 dotis
689 3803 854 3878 habeatur
868 3819 904 3876 et
918 3821 1053 3904 paratae
1073 3807 1241 3904 pecuniae
1256 3830 1276 3879 a
1349 3809 1376 3878 i·

202 3999 206 4010 .
344 3919 502 4006 paretur,
523 3906 557 3978 id
573 3907 636 3982 tibi
650 3903 869 4005 postmodum
884 3925 1042 4005 repetere
1056 3933 1127 3981 non
1146 3909 1241 3993 licet,
1261 3901 1285 3978 li
1317 3931 1379 3980 or·

344 4023 381 4078 te
396 4004 471 4094 fiat,
493 4023 531 4080 vt
550 4023 608 4118 aut
633 4031 717 4079 vxor
731 4006 860 4106 'sponte
880 4005 937 4080 l'ua
958 4013 1119 4083 maritum
1141 4009 1285 4095 delerat,
1309 4024 1388 4082 aut·

239 4182 244 4190 ,
343 4105 486 4180 maritus
507 4133 583 4183 eam
603 4109 707 4182 domo
724 4109 889 4208 expellam
912 4126 1044 4208 quanto
1058 4112 1116 4184 ille
1135 4113 1242 4206 magis
1263 4113 1379 4204 argui·

274 4275 277 4282 .
341 4225 400 4281 tur
415 4207 482 4283 elle
496 4211 678 4282 hominum
696 4211 1195 4312 omniumimpudentillimua,
1215 4213 1274 4311 qui
1296 4215 1381 4304 aiat,

341 4335 423 4386 cum
445 4313 546 4386 alicui
566 4311 719 4386 sororem
740 4311 777 4386 in
803 4329 947 4388 manum
968 4316 1083 4408 daret,
1108 4313 1295 4392 tumienil
1310 4339 1376 4388 cu·
1416 4372 1417 4379 κ

1274 4413 1374 4502 nile,
