<?xml version="1.0" encoding="UTF-8"?>
<!DOCTYPE html PUBLIC "-//W3C//DTD XHTML 1.0 Transitional//EN"
    "http://www.w3.org/TR/xhtml1/DTD/xhtml1-transitional.dtd">
<html xmlns="http://www.w3.org/1999/xhtml" xml:lang="en" lang="en">
 <head>
  <title>
</title>
<meta http-equiv="Content-Type" content="text/html;charset=utf-8" />
  <meta name='ocr-system' content='tesseract 3.04.00' />
  <meta name='ocr-capabilities' content='ocr_page ocr_carea ocr_par ocr_line ocrx_word'/>
</head>
<body>
  <div class='ocr_page' id='page_1' title='image "./oratorumgrcorum02reisgoog_0500.png"; bbox 0 0 3075 5150; ppageno 0'>
   <div class='ocr_carea' id='block_1_1' title="bbox 242 581 1365 753">
    <p class='ocr_par' dir='ltr' id='par_1_1' title="bbox 242 581 1365 753">
     <span class='ocr_line' id='line_1_1' title="bbox 242 581 1365 753; baseline -0.005 -41"><span class='ocrx_word' id='word_1_1' title='bbox 242 597 257 622; x_wconf 60' lang='lat'><strong>²</strong></span> <span class='ocrx_word' id='word_1_2' title='bbox 292 643 296 654; x_wconf 82' lang='lat'><em>·</em></span> <span class='ocrx_word' id='word_1_3' title='bbox 334 650 413 735; x_wconf 79' lang='lat'>484</span> <span class='ocrx_word' id='word_1_4' title='bbox 464 581 467 588; x_wconf 32' lang='lat'>¹</span> <span class='ocrx_word' id='word_1_5' title='bbox 511 608 650 712; x_wconf 71' lang='lat' dir='ltr'>rsuru</span> <span class='ocrx_word' id='word_1_6' title='bbox 674 636 883 709; x_wconf 78' lang='lat' dir='ltr'>ouu‘rlo</span> <span class='ocrx_word' id='word_1_7' title='bbox 907 639 989 753; x_wconf 75' lang='lat' dir='ltr'>van.</span> <span class='ocrx_word' id='word_1_8' title='bbox 1013 639 1176 748; x_wconf 76' lang='lat' dir='ltr'>suern</span> <span class='ocrx_word' id='word_1_9' title='bbox 1198 598 1225 706; x_wconf 68' lang='lat' dir='ltr'><strong><em>f</em></strong></span> <span class='ocrx_word' id='word_1_10' title='bbox 1250 635 1365 728; x_wconf 67' lang='lat' dir='ltr'>am.</span> 
     </span>
    </p>
   </div>
   <div class='ocr_carea' id='block_1_2' title="bbox 187 807 1426 4431">
    <p class='ocr_par' dir='ltr' id='par_1_2' title="bbox 335 807 1374 1324">
     <span class='ocr_line' id='line_1_2' title="bbox 341 807 1366 914; baseline -0.013 -18"><span class='ocrx_word' id='word_1_11' title='bbox 341 839 380 896; x_wconf 89' lang='lat' dir='ltr'>vt</span> <span class='ocrx_word' id='word_1_12' title='bbox 394 823 476 894; x_wconf 86' lang='lat' dir='ltr'>alios</span> <span class='ocrx_word' id='word_1_13' title='bbox 487 819 538 891; x_wconf 84' lang='lat' dir='ltr'>iiii</span> <span class='ocrx_word' id='word_1_14' title='bbox 553 807 642 892; x_wconf 68' lang='lat' dir='ltr'>adsui</span> <span class='ocrx_word' id='word_1_15' title='bbox 656 815 753 890; x_wconf 83' lang='lat' dir='ltr'>testes</span> <span class='ocrx_word' id='word_1_16' title='bbox 770 833 807 890; x_wconf 86' lang='lat' dir='ltr'>et</span> <span class='ocrx_word' id='word_1_17' title='bbox 820 813 974 889; x_wconf 68' lang='lat' dir='ltr'>auam-es</span> <span class='ocrx_word' id='word_1_18' title='bbox 990 817 1157 908; x_wconf 73' lang='lat' dir='ltr'>aduocat,</span> <span class='ocrx_word' id='word_1_19' title='bbox 1177 809 1279 914; x_wconf 69' lang='lat' dir='ltr'>qnam</span> <span class='ocrx_word' id='word_1_20' title='bbox 1289 813 1366 885; x_wconf 78' lang='lat' dir='ltr'>iiior</span> 
     </span>
     <span class='ocr_line' id='line_1_3' title="bbox 343 915 1370 1022; baseline -0.012 -25"><span class='ocrx_word' id='word_1_21' title='bbox 343 922 450 1022; x_wconf 74' lang='lat' dir='ltr'>ipsos,</span> <span class='ocrx_word' id='word_1_22' title='bbox 481 937 570 1018; x_wconf 75' lang='lat' dir='ltr'>quos·</span> <span class='ocrx_word' id='word_1_23' title='bbox 589 945 684 1020; x_wconf 86' lang='lat' dir='ltr'>poue</span> <span class='ocrx_word' id='word_1_24' title='bbox 705 919 737 995; x_wconf 84' lang='lat' dir='ltr'>se</span> <span class='ocrx_word' id='word_1_25' title='bbox 759 915 938 992; x_wconf 71' lang='lat' dir='ltr'>relitiurru</span> <span class='ocrx_word' id='word_1_26' title='bbox 957 918 999 989; x_wconf 75' lang='lat' dir='ltr'>fir</span> <span class='ocrx_word' id='word_1_27' title='bbox 1021 917 1370 1017; x_wconf 70' lang='lat' dir='ltr'>sacrorumqueciui·</span> 
     </span>
     <span class='ocr_line' id='line_1_4' title="bbox 338 1006 1367 1122; baseline -0.009 -25"><span class='ocrx_word' id='word_1_28' title='bbox 338 1025 501 1122; x_wconf 76' lang='lat' dir='ltr'>&#39;iiumque</span> <span class='ocrx_word' id='word_1_29' title='bbox 522 1025 662 1107; x_wconf 86' lang='lat' dir='ltr'>iurium,</span> <span class='ocrx_word' id='word_1_30' title='bbox 695 1019 818 1119; x_wconf 89' lang='lat' dir='ltr'>quibus</span> <span class='ocrx_word' id='word_1_31' title='bbox 839 1018 906 1120; x_wconf 89' lang='lat' dir='ltr'>ipse</span> <span class='ocrx_word' id='word_1_32' title='bbox 927 1006 1014 1092; x_wconf 48' lang='lat' dir='ltr'>xoiim</span> <span class='ocrx_word' id='word_1_33' title='bbox 1034 1021 1109 1092; x_wconf 77' lang='lat' dir='ltr'>rsus</span> <span class='ocrx_word' id='word_1_34' title='bbox 1133 1018 1187 1105; x_wconf 86' lang='lat' dir='ltr'>sit,</span> <span class='ocrx_word' id='word_1_35' title='bbox 1221 1013 1367 1089; x_wconf 76' lang='lat' dir='ltr'>suiioco</span> 
     </span>
     <span class='ocr_line' id='line_1_5' title="bbox 343 1119 1373 1226; baseline -0.01 -29"><span class='ocrx_word' id='word_1_36' title='bbox 343 1127 538 1226; x_wconf 73' lang='lat' dir='ltr'><strong>participes.</strong></span> <span class='ocrx_word' id='word_1_37' title='bbox 585 1125 710 1219; x_wconf 80' lang='lat' dir='ltr'>Neque</span> <span class='ocrx_word' id='word_1_38' title='bbox 726 1121 850 1220; x_wconf 86' lang='lat' dir='ltr'>pudori</span> <span class='ocrx_word' id='word_1_39' title='bbox 865 1122 967 1193; x_wconf 89' lang='lat' dir='ltr'>debet</span> <span class='ocrx_word' id='word_1_40' title='bbox 987 1126 1168 1222; x_wconf 87' lang='lat' dir='ltr'>quisquam</span> <span class='ocrx_word' id='word_1_41' title='bbox 1190 1119 1252 1191; x_wconf 80' lang='lat' dir='ltr'>fibi</span> <span class='ocrx_word' id='word_1_42' title='bbox 1266 1119 1373 1190; x_wconf 79' lang='lat' dir='ltr'>duce·</span> 
     </span>
     <span class='ocr_line' id='line_1_6' title="bbox 335 1219 1374 1324; baseline -0.01 -25"><span class='ocrx_word' id='word_1_43' title='bbox 335 1234 400 1324; x_wconf 66' lang='lat' dir='ltr'>re,</span> <span class='ocrx_word' id='word_1_44' title='bbox 422 1223 445 1294; x_wconf 80' lang='lat' dir='ltr'>fi</span> <span class='ocrx_word' id='word_1_45' title='bbox 463 1223 560 1296; x_wconf 87' lang='lat' dir='ltr'>testes</span> <span class='ocrx_word' id='word_1_46' title='bbox 575 1223 730 1296; x_wconf 85' lang='lat' dir='ltr'>adhibeat</span> <span class='ocrx_word' id='word_1_47' title='bbox 744 1221 908 1294; x_wconf 88' lang='lat' dir='ltr'>eiusmodi</span> <span class='ocrx_word' id='word_1_48' title='bbox 922 1219 1122 1296; x_wconf 79' lang='lat' dir='ltr'>testamento</span> <span class='ocrx_word' id='word_1_49' title='bbox 1146 1244 1248 1321; x_wconf 89' lang='lat' dir='ltr'>quam</span> <span class='ocrx_word' id='word_1_50' title='bbox 1259 1221 1374 1318; x_wconf 77' lang='lat' dir='ltr'>&#39;piuri-</span> 
     </span>
    </p>

    <p class='ocr_par' dir='ltr' id='par_1_3' title="bbox 251 1320 1375 1624">
     <span class='ocr_line' id='line_1_7' title="bbox 251 1320 1374 1422; baseline -0.004 -28"><span class='ocrx_word' id='word_1_51' title='bbox 251 1389 252 1394; x_wconf 75' lang='grc'>,</span> <span class='ocrx_word' id='word_1_52' title='bbox 348 1327 442 1412; x_wconf 88' lang='lat' dir='ltr'>mos,</span> <span class='ocrx_word' id='word_1_53' title='bbox 463 1326 539 1418; x_wconf 82' lang='lat' dir='ltr'>lege</span> <span class='ocrx_word' id='word_1_54' title='bbox 555 1328 685 1396; x_wconf 80' lang='lat' dir='ltr'>verrium</span> <span class='ocrx_word' id='word_1_55' title='bbox 704 1327 828 1420; x_wconf 88' lang='lat' dir='ltr'>cuique</span> <span class='ocrx_word' id='word_1_56' title='bbox 842 1320 959 1411; x_wconf 85' lang='lat' dir='ltr'>dante,</span> <span class='ocrx_word' id='word_1_57' title='bbox 984 1329 1178 1422; x_wconf 80' lang='lat' dir='ltr'>cuicunque</span> <span class='ocrx_word' id='word_1_58' title='bbox 1193 1323 1286 1406; x_wconf 84' lang='lat' dir='ltr'>velit,</span> <span class='ocrx_word' id='word_1_59' title='bbox 1310 1321 1374 1391; x_wconf 82' lang='lat' dir='ltr'>bo·</span> 
     </span>
     <span class='ocr_line' id='line_1_8' title="bbox 341 1422 1374 1524; baseline -0.008 -25"><span class='ocrx_word' id='word_1_60' title='bbox 341 1453 392 1508; x_wconf 81' lang='lat' dir='ltr'>na</span> <span class='ocrx_word' id='word_1_61' title='bbox 416 1425 470 1499; x_wconf 82' lang='lat' dir='ltr'>sun</span> <span class='ocrx_word' id='word_1_62' title='bbox 493 1425 676 1518; x_wconf 82' lang='lat' dir='ltr'>delegandi.</span> <span class='ocrx_word' id='word_1_63' title='bbox 732 1423 796 1496; x_wconf 83' lang='lat' dir='ltr'>Sed</span> <span class='ocrx_word' id='word_1_64' title='bbox 822 1443 857 1496; x_wconf 88' lang='lat' dir='ltr'>et</span> <span class='ocrx_word' id='word_1_65' title='bbox 881 1443 1018 1523; x_wconf 86' lang='lat' dir='ltr'>tempus</span> <span class='ocrx_word' id='word_1_66' title='bbox 1042 1422 1189 1524; x_wconf 71' lang='lat' dir='ltr'>spetiate</span> <span class='ocrx_word' id='word_1_67' title='bbox 1204 1480 1225 1510; x_wconf 65' lang='lat'>,‚</span> <span class='ocrx_word' id='word_1_68' title='bbox 1241 1447 1313 1522; x_wconf 86' lang='lat' dir='ltr'>quo</span> <span class='ocrx_word' id='word_1_69' title='bbox 1333 1423 1374 1492; x_wconf 87' lang='lat' dir='ltr'>hi</span> 
     </span>
     <span class='ocr_line' id='line_1_9' title="bbox 348 1517 1375 1624; baseline -0.007 -24"><span class='ocrx_word' id='word_1_70' title='bbox 348 1526 700 1604; x_wconf 80' lang='lat' dir='ltr'>aiunt&#39;tesiamentum</span> <span class='ocrx_word' id='word_1_71' title='bbox 725 1521 791 1597; x_wconf 77' lang='lat' dir='ltr'>esse</span> <span class='ocrx_word' id='word_1_72' title='bbox 805 1525 976 1624; x_wconf 82' lang='lat' dir='ltr'>scriptum.</span> <span class='ocrx_word' id='word_1_73' title='bbox 996 1556 1000 1572; x_wconf 70' lang='lat'><em>¹</em></span> <span class='ocrx_word' id='word_1_74' title='bbox 1023 1531 1063 1596; x_wconf 89' lang='lat' dir='ltr'>Iu</span> <span class='ocrx_word' id='word_1_75' title='bbox 1081 1517 1375 1624; x_wconf 65' lang='lat' dir='ltr'>procursio-nem·</span> 
     </span>
    </p>

    <p class='ocr_par' dir='ltr' id='par_1_4' title="bbox 237 1622 1378 1826">
     <span class='ocr_line' id='line_1_10' title="bbox 237 1622 1375 1726; baseline -0.005 -26"><span class='ocrx_word' id='word_1_76' title='bbox 237 1717 240 1726; x_wconf 16' lang='grc' dir='ltr'><strong><em>γ</em></strong></span> <span class='ocrx_word' id='word_1_77' title='bbox 299 1699 300 1703; x_wconf 71' lang='grc'>,</span> <span class='ocrx_word' id='word_1_78' title='bbox 347 1653 397 1726; x_wconf 88' lang='lat' dir='ltr'>pe</span> <span class='ocrx_word' id='word_1_79' title='bbox 415 1627 576 1726; x_wconf 81' lang='lat' dir='ltr'>scriptum</span> <span class='ocrx_word' id='word_1_80' title='bbox 592 1631 687 1698; x_wconf 83' lang='lat' dir='ltr'>aiunt</span> <span class='ocrx_word' id='word_1_81' title='bbox 702 1622 768 1698; x_wconf 85' lang='lat' dir='ltr'>esse</span> <span class='ocrx_word' id='word_1_82' title='bbox 783 1625 1004 1724; x_wconf 73' lang='lat' dir='ltr'>expeditionis</span> <span class='ocrx_word' id='word_1_83' title='bbox 1014 1627 1232 1723; x_wconf 72' lang='lat' dir='ltr'>Mityleneae.</span> <span class='ocrx_word' id='word_1_84' title='bbox 1264 1623 1375 1704; x_wconf 82' lang='lat' dir='ltr'>Quod</span> 
     </span>
     <span class='ocr_line' id='line_1_11' title="bbox 346 1723 1378 1826; baseline -0.005 -25"><span class='ocrx_word' id='word_1_85' title='bbox 346 1727 503 1806; x_wconf 87' lang='lat' dir='ltr'>siverum</span> <span class='ocrx_word' id='word_1_86' title='bbox 519 1725 573 1812; x_wconf 87' lang='lat' dir='ltr'>est,</span> <span class='ocrx_word' id='word_1_87' title='bbox 599 1725 1158 1826; x_wconf 79' lang='lat' dir='ltr'>constatAstyphiiumsuturorum</span> <span class='ocrx_word' id='word_1_88' title='bbox 1170 1723 1378 1825; x_wconf 80' lang='lat' dir='ltr'>suisieprae-</span> 
     </span>
    </p>

    <p class='ocr_par' dir='ltr' id='par_1_5' title="bbox 235 1822 1376 2031">
     <span class='ocr_line' id='line_1_12' title="bbox 235 1822 1376 1929; baseline -0.004 -27"><span class='ocrx_word' id='word_1_89' title='bbox 235 1871 238 1878; x_wconf 92' lang='lat'>·</span> <span class='ocrx_word' id='word_1_90' title='bbox 347 1829 466 1910; x_wconf 83' lang='lat' dir='ltr'>scium.</span> <span class='ocrx_word' id='word_1_91' title='bbox 515 1822 729 1929; x_wconf 85' lang='lat' dir='ltr'>Quamquam</span> <span class='ocrx_word' id='word_1_92' title='bbox 746 1833 838 1902; x_wconf 88' lang='lat' dir='ltr'>euim</span> <span class='ocrx_word' id='word_1_93' title='bbox 857 1829 953 1927; x_wconf 84' lang='lat' dir='ltr'>saepe</span> <span class='ocrx_word' id='word_1_94' title='bbox 968 1830 1113 1902; x_wconf 80' lang='lat' dir='ltr'>versatus</span> <span class='ocrx_word' id='word_1_95' title='bbox 1129 1827 1178 1902; x_wconf 85' lang='lat' dir='ltr'>est</span> <span class='ocrx_word' id='word_1_96' title='bbox 1196 1833 1231 1900; x_wconf 93' lang='lat' dir='ltr'>in</span> <span class='ocrx_word' id='word_1_97' title='bbox 1245 1825 1376 1912; x_wconf 82' lang='lat' dir='ltr'>casiris,</span> 
     </span>
     <span class='ocr_line' id='line_1_13' title="bbox 348 1928 1375 2031; baseline -0.003 -29"><span class='ocrx_word' id='word_1_98' title='bbox 348 1957 394 2007; x_wconf 84' lang='lat' dir='ltr'>na</span> <span class='ocrx_word' id='word_1_99' title='bbox 444 1933 614 2031; x_wconf 89' lang='lat' dir='ltr'>primum-</span> <span class='ocrx_word' id='word_1_100' title='bbox 642 1930 760 2001; x_wconf 77' lang='lat' dir='ltr'>uidem·</span> <span class='ocrx_word' id='word_1_101' title='bbox 781 1931 822 2000; x_wconf 91' lang='lat' dir='ltr'>ad</span> <span class='ocrx_word' id='word_1_102' title='bbox 837 1929 1057 2026; x_wconf 79' lang='lat' dir='ltr'>Corinthum,</span> <span class='ocrx_word' id='word_1_103' title='bbox 1082 1931 1206 2002; x_wconf 91' lang='lat' dir='ltr'>deinde</span> <span class='ocrx_word' id='word_1_104' title='bbox 1219 1928 1375 2002; x_wconf 84' lang='lat' dir='ltr'>inThes&#39;·</span> 
     </span>
    </p>

    <p class='ocr_par' dir='ltr' id='par_1_6' title="bbox 228 1957 1376 2134">
     <span class='ocr_line' id='line_1_14' title="bbox 228 1957 1376 2134; baseline -0.006 -26"><span class='ocrx_word' id='word_1_105' title='bbox 228 2096 231 2108; x_wconf 92' lang='lat'><strong><em>.</em></strong></span> <span class='ocrx_word' id='word_1_106' title='bbox 347 2031 438 2134; x_wconf 49' lang='lat' dir='ltr'>salia?</span> <span class='ocrx_word' id='word_1_107' title='bbox 453 2047 537 2102; x_wconf 89' lang='lat' dir='ltr'>&#39;tum</span> <span class='ocrx_word' id='word_1_108' title='bbox 548 1957 719 2122; x_wconf 64' lang='lat' dir='ltr'>Tireiaano</span> <span class='ocrx_word' id='word_1_109' title='bbox 742 2031 833 2104; x_wconf 85' lang='lat' dir='ltr'>belin</span> <span class='ocrx_word' id='word_1_110' title='bbox 848 2023 1020 2117; x_wconf 70' lang='lat' dir='ltr'>irrtersuii,</span> <span class='ocrx_word' id='word_1_111' title='bbox 1052 2033 1199 2130; x_wconf 90' lang='lat' dir='ltr'>denique</span> <span class='ocrx_word' id='word_1_112' title='bbox 1212 2057 1376 2130; x_wconf 79' lang='lat' dir='ltr'>quocun·</span> 
     </span>
    </p>

    <p class='ocr_par' dir='ltr' id='par_1_7' title="bbox 284 2133 1426 2533">
     <span class='ocr_line' id='line_1_15' title="bbox 284 2133 1374 2232; baseline -0.003 -28"><span class='ocrx_word' id='word_1_113' title='bbox 284 2149 287 2158; x_wconf 93' lang='grc'><strong>’</strong></span> <span class='ocrx_word' id='word_1_114' title='bbox 349 2155 418 2232; x_wconf 86' lang='lat' dir='ltr'>que</span> <span class='ocrx_word' id='word_1_115' title='bbox 441 2133 597 2204; x_wconf 89' lang='lat' dir='ltr'>locorum</span> <span class='ocrx_word' id='word_1_116' title='bbox 622 2133 711 2203; x_wconf 87' lang='lat' dir='ltr'>mitti</span> <span class='ocrx_word' id='word_1_117' title='bbox 735 2135 850 2230; x_wconf 86' lang='lat' dir='ltr'>copias</span> <span class='ocrx_word' id='word_1_118' title='bbox 871 2148 1044 2220; x_wconf 83' lang='lat' dir='ltr'>cerneret,</span> <span class='ocrx_word' id='word_1_119' title='bbox 1075 2161 1118 2206; x_wconf 87' lang='lat' dir='ltr'>eo</span> <span class='ocrx_word' id='word_1_120' title='bbox 1139 2133 1210 2232; x_wconf 89' lang='lat' dir='ltr'>ipse</span> <span class='ocrx_word' id='word_1_121' title='bbox 1220 2157 1374 2230; x_wconf 62' lang='lat' dir='ltr'>&#39;quoque</span> 
     </span>
     <span class='ocr_line' id='line_1_16' title="bbox 347 2229 1376 2334; baseline -0.002 -30"><span class='ocrx_word' id='word_1_122' title='bbox 347 2229 633 2334; x_wconf 77' lang='lat' dir='ltr'>pioficiscebutrrr,</span> <span class='ocrx_word' id='word_1_123' title='bbox 653 2247 764 2332; x_wconf 79' lang='lat' dir='ltr'>partes</span> <span class='ocrx_word' id='word_1_124' title='bbox 782 2235 1028 2328; x_wconf 78' lang='lat' dir='ltr'>agenslochagi</span> <span class='ocrx_word' id='word_1_125' title='bbox 1044 2234 1116 2329; x_wconf 83' lang='lat' dir='ltr'>[seu</span> <span class='ocrx_word' id='word_1_126' title='bbox 1132 2235 1376 2323; x_wconf 81' lang='lat' dir='ltr'>centurionis]</span> 
     </span>
     <span class='ocr_line' id='line_1_17' title="bbox 347 2331 1426 2438; baseline 0 -32"><span class='ocrx_word' id='word_1_127' title='bbox 347 2337 537 2438; x_wconf 77' lang='lat' dir='ltr'><strong>Nunquam</strong></span> <span class='ocrx_word' id='word_1_128' title='bbox 561 2349 675 2404; x_wconf 87' lang='lat' dir='ltr'>tamen</span> <span class='ocrx_word' id='word_1_129' title='bbox 704 2333 842 2406; x_wconf 86' lang='lat' dir='ltr'>iliorum</span> <span class='ocrx_word' id='word_1_130' title='bbox 872 2351 1070 2434; x_wconf 82' lang='lat' dir='ltr'>temporum</span> <span class='ocrx_word' id='word_1_131' title='bbox 1095 2339 1252 2410; x_wconf 88' lang='lat' dir='ltr'>omnium</span> <span class='ocrx_word' id='word_1_132' title='bbox 1275 2331 1376 2406; x_wconf 83' lang='lat' dir='ltr'>testa·</span> <span class='ocrx_word' id='word_1_133' title='bbox 1425 2396 1426 2423; x_wconf 43' lang='lat'>2</span> 
     </span>
     <span class='ocr_line' id='line_1_18' title="bbox 350 2430 1426 2533; baseline 0.003 -27"><span class='ocrx_word' id='word_1_134' title='bbox 350 2453 509 2508; x_wconf 90' lang='lat' dir='ltr'>mentum</span> <span class='ocrx_word' id='word_1_135' title='bbox 534 2433 703 2520; x_wconf 83' lang='lat' dir='ltr'>condidit3</span> <span class='ocrx_word' id='word_1_136' title='bbox 735 2437 769 2506; x_wconf 93' lang='lat' dir='ltr'>in</span> <span class='ocrx_word' id='word_1_137' title='bbox 791 2453 954 2533; x_wconf 83' lang='lat' dir='ltr'>apparatu</span> <span class='ocrx_word' id='word_1_138' title='bbox 976 2430 1088 2510; x_wconf 85' lang='lat' dir='ltr'>autem</span> <span class='ocrx_word' id='word_1_139' title='bbox 1105 2439 1193 2510; x_wconf 82' lang='lat' dir='ltr'>iilius</span> <span class='ocrx_word' id='word_1_140' title='bbox 1209 2435 1251 2508; x_wconf 87' lang='lat' dir='ltr'>ad</span> <span class='ocrx_word' id='word_1_141' title='bbox 1264 2439 1376 2531; x_wconf 81' lang='lat' dir='ltr'>Mity-</span> <span class='ocrx_word' id='word_1_142' title='bbox 1425 2454 1426 2509; x_wconf 62' lang='lat' dir='ltr'>i</span> 
     </span>
    </p>

    <p class='ocr_par' dir='ltr' id='par_1_8' title="bbox 215 2533 1375 2739">
     <span class='ocr_line' id='line_1_19' title="bbox 313 2533 1372 2634; baseline 0 -27"><span class='ocrx_word' id='word_1_143' title='bbox 313 2593 319 2607; x_wconf 79' lang='grc'><em>,</em></span> <span class='ocrx_word' id='word_1_144' title='bbox 349 2535 462 2610; x_wconf 86' lang='lat' dir='ltr'>lenam</span> <span class='ocrx_word' id='word_1_145' title='bbox 479 2537 700 2634; x_wconf 77' lang='lat' dir='ltr'>expeditionis</span> <span class='ocrx_word' id='word_1_146' title='bbox 719 2535 888 2624; x_wconf 84' lang='lat' dir='ltr'>condidit,</span> <span class='ocrx_word' id='word_1_147' title='bbox 911 2537 1043 2610; x_wconf 78' lang='lat' dir='ltr'>scilicet,</span> <span class='ocrx_word' id='word_1_148' title='bbox 1067 2533 1372 2612; x_wconf 74' lang='lat' dir='ltr'>fihianussoribus</span> 
     </span>
     <span class='ocr_line' id='line_1_20' title="bbox 215 2639 1375 2739; baseline 0 -30"><span class='ocrx_word' id='word_1_149' title='bbox 215 2674 220 2681; x_wconf 95' lang='lat'><em>·</em></span> <span class='ocrx_word' id='word_1_150' title='bbox 349 2640 538 2737; x_wconf 84' lang='lat' dir='ltr'>credimus3</span> <span class='ocrx_word' id='word_1_151' title='bbox 564 2662 649 2735; x_wconf 87' lang='lat' dir='ltr'>quae</span> <span class='ocrx_word' id='word_1_152' title='bbox 666 2639 835 2735; x_wconf 80' lang='lat' dir='ltr'>expeditio</span> <span class='ocrx_word' id='word_1_153' title='bbox 849 2654 920 2711; x_wconf 81' lang='lat' dir='ltr'>n‘on</span> <span class='ocrx_word' id='word_1_154' title='bbox 937 2642 1041 2713; x_wconf 89' lang='lat' dir='ltr'>modo</span> <span class='ocrx_word' id='word_1_155' title='bbox 1054 2641 1103 2714; x_wconf 90' lang='lat' dir='ltr'>illi</span> <span class='ocrx_word' id='word_1_156' title='bbox 1119 2639 1375 2739; x_wconf 84' lang='lat' dir='ltr'>postremasuit,</span> 
     </span>
    </p>

    <p class='ocr_par' dir='ltr' id='par_1_9' title="bbox 255 2734 1424 3037">
     <span class='ocr_line' id='line_1_21' title="bbox 255 2734 1373 2834; baseline 0.002 -23"><span class='ocrx_word' id='word_1_157' title='bbox 255 2738 258 2743; x_wconf 65' lang='grc'><strong>’</strong></span> <span class='ocrx_word' id='word_1_158' title='bbox 348 2736 405 2811; x_wconf 83' lang='lat' dir='ltr'>sed</span> <span class='ocrx_word' id='word_1_159' title='bbox 420 2741 570 2811; x_wconf 83' lang='lat' dir='ltr'>etiam-in</span> <span class='ocrx_word' id='word_1_160' title='bbox 587 2764 625 2809; x_wconf 88' lang='lat' dir='ltr'>ea</span> <span class='ocrx_word' id='word_1_161' title='bbox 638 2737 727 2809; x_wconf 87' lang='lat' dir='ltr'>diem</span> <span class='ocrx_word' id='word_1_162' title='bbox 744 2736 939 2834; x_wconf 88' lang='lat' dir='ltr'>supremum</span> <span class='ocrx_word' id='word_1_163' title='bbox 958 2734 1053 2818; x_wconf 88' lang='lat' dir='ltr'>obiit.</span> <span class='ocrx_word' id='word_1_164' title='bbox 1111 2744 1216 2814; x_wconf 86' lang='lat' dir='ltr'>Eccui</span> <span class='ocrx_word' id='word_1_165' title='bbox 1230 2746 1300 2813; x_wconf 82' lang='lat' dir='ltr'>iani</span> <span class='ocrx_word' id='word_1_166' title='bbox 1314 2767 1373 2813; x_wconf 82' lang='lat' dir='ltr'>re·</span> 
     </span>
     <span class='ocr_line' id='line_1_22' title="bbox 349 2836 1374 2941; baseline -0.001 -29"><span class='ocrx_word' id='word_1_167' title='bbox 349 2836 455 2913; x_wconf 82' lang='lat' dir='ltr'>strum</span> <span class='ocrx_word' id='word_1_168' title='bbox 474 2843 629 2912; x_wconf 88' lang='lat' dir='ltr'>omnium</span> <span class='ocrx_word' id='word_1_169' title='bbox 648 2838 813 2912; x_wconf 88' lang='lat' dir='ltr'>credibile</span> <span class='ocrx_word' id='word_1_170' title='bbox 835 2842 1011 2929; x_wconf 83' lang='lat' dir='ltr'>videatur,&#39;</span> <span class='ocrx_word' id='word_1_171' title='bbox 1033 2846 1092 2941; x_wconf 90' lang='lat' dir='ltr'>qui</span> <span class='ocrx_word' id='word_1_172' title='bbox 1107 2844 1302 2941; x_wconf 84' lang='lat' dir='ltr'>Astyphiius</span> <span class='ocrx_word' id='word_1_173' title='bbox 1317 2858 1374 2912; x_wconf 89' lang='lat' dir='ltr'>to·</span> 
     </span>
     <span class='ocr_line' id='line_1_23' title="bbox 349 2936 1424 3037; baseline 0.002 -26"><span class='ocrx_word' id='word_1_174' title='bbox 349 2942 414 3011; x_wconf 85' lang='lat' dir='ltr'>ties</span> <span class='ocrx_word' id='word_1_175' title='bbox 437 2942 472 3011; x_wconf 92' lang='lat' dir='ltr'>in</span> <span class='ocrx_word' id='word_1_176' title='bbox 494 2937 595 3012; x_wconf 86' lang='lat' dir='ltr'>castra</span> <span class='ocrx_word' id='word_1_177' title='bbox 616 2936 850 3037; x_wconf 83' lang='lat' dir='ltr'>proficiscens,</span> <span class='ocrx_word' id='word_1_178' title='bbox 882 2941 1121 3017; x_wconf 75' lang='lat' dir='ltr'>testamentum</span> <span class='ocrx_word' id='word_1_179' title='bbox 1137 2946 1270 3017; x_wconf 78' lang='lat' dir='ltr'>nulium</span> <span class='ocrx_word' id='word_1_180' title='bbox 1286 2968 1372 3014; x_wconf 75' lang='lat' dir='ltr'>con</span> <span class='ocrx_word' id='word_1_181' title='bbox 1423 2995 1424 2998; x_wconf 63' lang='lat'>,</span> 
     </span>
    </p>

    <p class='ocr_par' dir='ltr' id='par_1_10' title="bbox 218 3034 1424 3442">
     <span class='ocr_line' id='line_1_24' title="bbox 218 3034 1371 3141; baseline 0.003 -31"><span class='ocrx_word' id='word_1_182' title='bbox 218 3054 225 3067; x_wconf 87' lang='grc'><strong>’</strong></span> <span class='ocrx_word' id='word_1_183' title='bbox 350 3034 504 3128; x_wconf 83' lang='lat' dir='ltr'>didisset‚&#39;</span> <span class='ocrx_word' id='word_1_184' title='bbox 533 3036 662 3111; x_wconf 84' lang='lat' dir='ltr'>tametsi</span> <span class='ocrx_word' id='word_1_185' title='bbox 685 3039 798 3130; x_wconf 86' lang='lat' dir='ltr'>sciret,</span> <span class='ocrx_word' id='word_1_186' title='bbox 830 3042 890 3115; x_wconf 82' lang='lat' dir='ltr'>fibi</span> <span class='ocrx_word' id='word_1_187' title='bbox 912 3045 1053 3141; x_wconf 84' lang='lat' dir='ltr'>perinde</span> <span class='ocrx_word' id='word_1_188' title='bbox 1073 3049 1109 3118; x_wconf 94' lang='lat' dir='ltr'>in</span> <span class='ocrx_word' id='word_1_189' title='bbox 1124 3044 1371 3118; x_wconf 85' lang='lat' dir='ltr'>iilisomnibus</span> 
     </span>
     <span class='ocr_line' id='line_1_25' title="bbox 349 3138 1424 3238; baseline 0.005 -25"><span class='ocrx_word' id='word_1_190' title='bbox 349 3140 621 3238; x_wconf 84' lang='lat' dir='ltr'>expeditionibus</span> <span class='ocrx_word' id='word_1_191' title='bbox 637 3138 770 3213; x_wconf 86' lang='lat' dir='ltr'>fatalem</span> <span class='ocrx_word' id='word_1_192' title='bbox 788 3142 1015 3217; x_wconf 78' lang='lat' dir='ltr'>neceffitatem</span> <span class='ocrx_word' id='word_1_193' title='bbox 1030 3150 1226 3236; x_wconf 85' lang='lat' dir='ltr'>imminere,</span> <span class='ocrx_word' id='word_1_194' title='bbox 1252 3148 1372 3217; x_wconf 86' lang='lat' dir='ltr'>eitum</span> <span class='ocrx_word' id='word_1_195' title='bbox 1423 3153 1424 3156; x_wconf 72' lang='grc'>’</span> 
     </span>
     <span class='ocr_line' id='line_1_26' title="bbox 349 3242 1370 3339; baseline 0.006 -27"><span class='ocrx_word' id='word_1_196' title='bbox 349 3242 507 3329; x_wconf 79' lang='lat' dir='ltr'>demum,</span> <span class='ocrx_word' id='word_1_197' title='bbox 539 3244 662 3339; x_wconf 74' lang='lat' dir='ltr'>neque</span> <span class='ocrx_word' id='word_1_198' title='bbox 676 3244 793 3331; x_wconf 81' lang='lat' dir='ltr'>citius,</span> <span class='ocrx_word' id='word_1_199' title='bbox 825 3244 1037 3338; x_wconf 74' lang='lat' dir='ltr'>sagacitatem</span> <span class='ocrx_word' id='word_1_200' title='bbox 1059 3251 1183 3320; x_wconf 84' lang='lat' dir='ltr'>mentis</span> <span class='ocrx_word' id='word_1_201' title='bbox 1203 3244 1304 3319; x_wconf 81' lang='lat' dir='ltr'>fuisse</span> <span class='ocrx_word' id='word_1_202' title='bbox 1329 3248 1370 3318; x_wconf 91' lang='lat' dir='ltr'>in</span> 
     </span>
     <span class='ocr_line' id='line_1_27' title="bbox 348 3340 1371 3442; baseline 0.007 -30"><span class='ocrx_word' id='word_1_203' title='bbox 348 3340 590 3442; x_wconf 83' lang='lat' dir='ltr'>prospiciendis</span> <span class='ocrx_word' id='word_1_204' title='bbox 608 3368 725 3414; x_wconf 89' lang='lat' dir='ltr'>rerum</span> <span class='ocrx_word' id='word_1_205' title='bbox 742 3342 866 3418; x_wconf 83' lang='lat' dir='ltr'>suturis</span> <span class='ocrx_word' id='word_1_206' title='bbox 882 3372 962 3419; x_wconf 90' lang='lat' dir='ltr'>cum</span> <span class='ocrx_word' id='word_1_207' title='bbox 980 3354 1108 3422; x_wconf 81' lang='lat' dir='ltr'>euentu</span> <span class='ocrx_word' id='word_1_208' title='bbox 1123 3350 1282 3421; x_wconf 81' lang='lat' dir='ltr'>fortunae</span> <span class='ocrx_word' id='word_1_209' title='bbox 1294 3364 1371 3419; x_wconf 85' lang='lat' dir='ltr'>tam</span> 
     </span>
    </p>

    <p class='ocr_par' dir='ltr' id='par_1_11' title="bbox 259 3438 1370 3546">
     <span class='ocr_line' id='line_1_28' title="bbox 259 3438 1370 3546; baseline 0.003 -32"><span class='ocrx_word' id='word_1_210' title='bbox 259 3438 260 3443; x_wconf 61' lang='grc'>’</span> <span class='ocrx_word' id='word_1_211' title='bbox 349 3442 632 3515; x_wconf 82' lang='lat' dir='ltr'>consentaneam?</span> <span class='ocrx_word' id='word_1_212' title='bbox 654 3444 843 3543; x_wconf 78' lang='lat' dir='ltr'>Nunquam</span> <span class='ocrx_word' id='word_1_213' title='bbox 857 3464 955 3519; x_wconf 73' lang='lat' dir='ltr'>antea</span> <span class='ocrx_word' id='word_1_214' title='bbox 967 3449 1010 3520; x_wconf 91' lang='lat' dir='ltr'>de</span> <span class='ocrx_word' id='word_1_215' title='bbox 1021 3476 1137 3523; x_wconf 85' lang='lat' dir='ltr'>rerum</span> <span class='ocrx_word' id='word_1_216' title='bbox 1153 3450 1370 3546; x_wconf 82' lang='lat' dir='ltr'>suarumpar·</span> 
     </span>
    </p>

    <p class='ocr_par' dir='ltr' id='par_1_12' title="bbox 187 3542 1371 3645">
     <span class='ocr_line' id='line_1_29' title="bbox 187 3542 1371 3645; baseline 0.005 -30"><span class='ocrx_word' id='word_1_217' title='bbox 187 3563 190 3582; x_wconf 83' lang='lat'><strong>¹</strong></span> <span class='ocrx_word' id='word_1_218' title='bbox 265 3548 298 3607; x_wconf 68' lang='lat'>‘—</span> <span class='ocrx_word' id='word_1_219' title='bbox 349 3558 385 3615; x_wconf 85' lang='lat' dir='ltr'>te</span> <span class='ocrx_word' id='word_1_220' title='bbox 401 3544 608 3615; x_wconf 86' lang='lat' dir='ltr'>veiminima</span> <span class='ocrx_word' id='word_1_221' title='bbox 625 3542 709 3615; x_wconf 71' lang='lat' dir='ltr'>siuns</span> <span class='ocrx_word' id='word_1_222' title='bbox 728 3549 762 3633; x_wconf 86' lang='lat' dir='ltr'>in</span> <span class='ocrx_word' id='word_1_223' title='bbox 786 3544 1218 3645; x_wconf 70' lang='lat' dir='ltr'>procintiu&#39;consiimerrt.</span> <span class='ocrx_word' id='word_1_224' title='bbox 1292 3555 1371 3621; x_wconf 80' lang='lat' dir='ltr'>Iun</span> 
     </span>
    </p>

    <p class='ocr_par' dir='ltr' id='par_1_13' title="bbox 257 3642 1372 3747">
     <span class='ocr_line' id='line_1_30' title="bbox 257 3642 1372 3747; baseline 0.005 -32"><span class='ocrx_word' id='word_1_225' title='bbox 257 3694 261 3701; x_wconf 83' lang='lat'><em>·</em></span> <span class='ocrx_word' id='word_1_226' title='bbox 325 3669 429 3716; x_wconf 68' lang='lat' dir='ltr'>uero</span> <span class='ocrx_word' id='word_1_227' title='bbox 451 3642 660 3716; x_wconf 71' lang='lat' dir='ltr'>voluntarius</span> <span class='ocrx_word' id='word_1_228' title='bbox 682 3646 751 3718; x_wconf 85' lang='lat' dir='ltr'>ibat</span> <span class='ocrx_word' id='word_1_229' title='bbox 773 3652 808 3719; x_wconf 92' lang='lat' dir='ltr'>in</span> <span class='ocrx_word' id='word_1_230' title='bbox 825 3652 1094 3747; x_wconf 85' lang='lat' dir='ltr'>expeditionem,</span> <span class='ocrx_word' id='word_1_231' title='bbox 1124 3650 1215 3725; x_wconf 82' lang='lat' dir='ltr'>vnde</span> <span class='ocrx_word' id='word_1_232' title='bbox 1227 3649 1282 3722; x_wconf 86' lang='lat' dir='ltr'>vei</span> <span class='ocrx_word' id='word_1_233' title='bbox 1300 3676 1372 3721; x_wconf 88' lang='lat' dir='ltr'>ma·</span> 
     </span>
    </p>

    <p class='ocr_par' dir='ltr' id='par_1_14' title="bbox 242 3743 1422 3950">
     <span class='ocr_line' id='line_1_31' title="bbox 242 3743 1368 3847; baseline 0.007 -32"><span class='ocrx_word' id='word_1_234' title='bbox 242 3761 247 3779; x_wconf 87' lang='grc'>·</span> <span class='ocrx_word' id='word_1_235' title='bbox 350 3748 441 3817; x_wconf 84' lang='lat' dir='ltr'>xime</span> <span class='ocrx_word' id='word_1_236' title='bbox 462 3743 537 3843; x_wconf 86' lang='lat' dir='ltr'>spes</span> <span class='ocrx_word' id='word_1_237' title='bbox 553 3743 714 3843; x_wconf 67' lang='lat' dir='ltr'>ipsimet,</span> <span class='ocrx_word' id='word_1_238' title='bbox 741 3763 863 3847; x_wconf 89' lang='lat' dir='ltr'>vtpote</span> <span class='ocrx_word' id='word_1_239' title='bbox 879 3752 1088 3839; x_wconf 82' lang='lat' dir='ltr'>voluntario,</span> <span class='ocrx_word' id='word_1_240' title='bbox 1113 3750 1368 3827; x_wconf 78' lang='lat' dir='ltr'>sore&#39;vt‘saluus</span> 
     </span>
     <span class='ocr_line' id='line_1_32' title="bbox 348 3842 1422 3950; baseline 0.007 -32"><span class='ocrx_word' id='word_1_241' title='bbox 348 3847 429 3918; x_wconf 92' lang='lat' dir='ltr'>iude</span> <span class='ocrx_word' id='word_1_242' title='bbox 446 3844 588 3917; x_wconf 85' lang='lat' dir='ltr'>domurn</span> <span class='ocrx_word' id='word_1_243' title='bbox 605 3842 737 3919; x_wconf 77' lang='lat' dir='ltr'>rediret</span> <span class='ocrx_word' id='word_1_244' title='bbox 787 3854 855 3933; x_wconf 90' lang='lat' dir='ltr'>Qui</span> <span class='ocrx_word' id='word_1_245' title='bbox 871 3852 1047 3950; x_wconf 78' lang='lat' dir='ltr'>probabile</span> <span class='ocrx_word' id='word_1_246' title='bbox 1060 3852 1123 3941; x_wconf 82' lang='lat' dir='ltr'>esi,</span> <span class='ocrx_word' id='word_1_247' title='bbox 1146 3855 1369 3925; x_wconf 89' lang='lat' dir='ltr'>eteitumin</span> <span class='ocrx_word' id='word_1_248' title='bbox 1419 3903 1422 3938; x_wconf 71' lang='lat'><em>÷</em></span> 
     </span>
    </p>

    <p class='ocr_par' dir='ltr' id='par_1_15' title="bbox 282 3938 1422 4388">
     <span class='ocr_line' id='line_1_33' title="bbox 282 3938 1421 4049; baseline 0.011 -32"><span class='ocrx_word' id='word_1_249' title='bbox 282 3998 288 4009; x_wconf 80' lang='lat'><em>,</em></span> <span class='ocrx_word' id='word_1_250' title='bbox 347 3964 501 4019; x_wconf 85' lang='lat' dir='ltr'>mentem</span> <span class='ocrx_word' id='word_1_251' title='bbox 519 3938 661 4031; x_wconf 69' lang='lat' dir='ltr'>¹venisse,</span> <span class='ocrx_word' id='word_1_252' title='bbox 690 3974 771 4019; x_wconf 83' lang='lat' dir='ltr'>mox</span> <span class='ocrx_word' id='word_1_253' title='bbox 787 3956 819 4043; x_wconf 67' lang='lat' dir='ltr'>[e</span> <span class='ocrx_word' id='word_1_254' title='bbox 840 3969 944 4049; x_wconf 89' lang='lat' dir='ltr'>portu</span> <span class='ocrx_word' id='word_1_255' title='bbox 959 3954 1128 4042; x_wconf 74' lang='lat' dir='ltr'>suintune,</span> <span class='ocrx_word' id='word_1_256' title='bbox 1152 3953 1371 4027; x_wconf 80' lang='lat' dir='ltr'>vtseriberet</span> <span class='ocrx_word' id='word_1_257' title='bbox 1420 3957 1421 4030; x_wconf 71' lang='grc' dir='ltr'>ἶ</span> 
     </span>
     <span class='ocr_line' id='line_1_34' title="bbox 345 4046 1422 4151; baseline 0.007 -34"><span class='ocrx_word' id='word_1_258' title='bbox 345 4046 604 4134; x_wconf 81' lang='lat' dir='ltr'>testamentum,</span> <span class='ocrx_word' id='word_1_259' title='bbox 623 4064 664 4119; x_wconf 85' lang='lat' dir='ltr'>et</span> <span class='ocrx_word' id='word_1_260' title='bbox 677 4048 779 4121; x_wconf 85' lang='lat' dir='ltr'>satase</span> <span class='ocrx_word' id='word_1_261' title='bbox 792 4077 932 4151; x_wconf 90' lang='lat' dir='ltr'>quoque</span> <span class='ocrx_word' id='word_1_262' title='bbox 949 4052 1061 4145; x_wconf 82' lang='lat' dir='ltr'>suisie,</span> <span class='ocrx_word' id='word_1_263' title='bbox 1086 4072 1123 4128; x_wconf 81' lang='lat' dir='ltr'>vt</span> <span class='ocrx_word' id='word_1_264' title='bbox 1138 4056 1281 4127; x_wconf 86' lang='lat' dir='ltr'>domurn</span> <span class='ocrx_word' id='word_1_265' title='bbox 1290 4077 1366 4125; x_wconf 85' lang='lat' dir='ltr'>non</span> <span class='ocrx_word' id='word_1_266' title='bbox 1420 4077 1422 4082; x_wconf 72' lang='grc'>’</span> 
     </span>
     <span class='ocr_line' id='line_1_35' title="bbox 343 4140 1420 4245; baseline 0.006 -26"><span class='ocrx_word' id='word_1_267' title='bbox 343 4148 493 4220; x_wconf 87' lang='lat' dir='ltr'>rediret?</span> <span class='ocrx_word' id='word_1_268' title='bbox 541 4152 668 4221; x_wconf 77' lang='lat' dir='ltr'>Verum</span> <span class='ocrx_word' id='word_1_269' title='bbox 690 4152 801 4222; x_wconf 88' lang='lat' dir='ltr'>adhuc</span> <span class='ocrx_word' id='word_1_270' title='bbox 825 4140 1049 4227; x_wconf 77' lang='lat' dir='ltr'>luculentidra</span> <span class='ocrx_word' id='word_1_271' title='bbox 1070 4158 1181 4245; x_wconf 84' lang='lat' dir='ltr'>dabo,</span> <span class='ocrx_word' id='word_1_272' title='bbox 1221 4156 1367 4245; x_wconf 82' lang='lat' dir='ltr'>iudices,</span> <span class='ocrx_word' id='word_1_273' title='bbox 1419 4201 1420 4226; x_wconf 48' lang='lat' dir='ltr'>r</span> 
     </span>
     <span class='ocr_line' id='line_1_36' title="bbox 341 4256 1421 4388; baseline 0.01 -69"><span class='ocrx_word' id='word_1_274' title='bbox 341 4261 564 4343; x_wconf 73' lang='lat' dir='ltr'>argumenta,</span> <span class='ocrx_word' id='word_1_275' title='bbox 594 4274 680 4347; x_wconf 85' lang='lat' dir='ltr'>quae</span> <span class='ocrx_word' id='word_1_276' title='bbox 702 4256 865 4327; x_wconf 79' lang='lat' dir='ltr'>certiores</span> <span class='ocrx_word' id='word_1_277' title='bbox 888 4256 1139 4351; x_wconf 50' lang='lat' dir='ltr'>rosareddant,</span> <span class='ocrx_word' id='word_1_278' title='bbox 1169 4260 1219 4331; x_wconf 86' lang='lat' dir='ltr'>nii</span> <span class='ocrx_word' id='word_1_279' title='bbox 1239 4256 1363 4329; x_wconf 74' lang='lat' dir='ltr'>fineen·</span> <span class='ocrx_word' id='word_1_280' title='bbox 1419 4323 1421 4388; x_wconf 38' lang='lat' dir='ltr'>p</span> 
     </span>
    </p>

    <p class='ocr_par' dir='ltr' id='par_1_16' title="bbox 1256 4357 1360 4431">
     <span class='ocr_line' id='line_1_37' title="bbox 1256 4357 1360 4431; baseline 0 -1"><span class='ocrx_word' id='word_1_281' title='bbox 1256 4357 1360 4431; x_wconf 80' lang='lat' dir='ltr'>hosce</span> 
     </span>
    </p>
   </div>
   <div class='ocr_carea' id='block_1_3' title="bbox 0 0 1542 5150">
    <p class='ocr_par' dir='ltr' id='par_1_17' title="bbox 0 0 1542 5150">
     <span class='ocr_line' id='line_1_38' title="bbox 0 0 1542 5150; baseline 0 0"><span class='ocrx_word' id='word_1_282' title='bbox 0 0 1542 5150; x_wconf 95' lang='lat' dir='ltr'> </span> 
     </span>
    </p>
   </div>
  </div>
 </body>
</html>
