3075 5150
165 616 270 675 seer
296 592 665 673 orcosoornrs
689 594 1057 681 neruorum.
1104 626 1191 701 419
1294 580 1300 589 '

165 776 308 853 sissorus
330 778 479 866 videtur,
510 774 751 879 fipruciores,
776 780 992 878 minorisque
1009 778 1187 861 audoen-
1265 815 1268 823 ·

163 885 202 954 tis
228 875 327 953 cesses
352 877 542 955 habuisset?
601 878 780 960 Mariiscsto
802 884 919 979 itaque
945 882 1023 953 islos
1048 892 1187 969 mentiri
1320 912 1325 931 ¹

162 981 325 1055 constabit
339 983 473 1055 vobisc
494 978 650 1069 testibus,
675 1006 764 1081 quos
785 982 1025 1072 erhibrrimus3
1058 992 1120 1086 qui
1134 1010 1181 1065 te-

159 1082 216 1155 sses
233 1109 350 1157 eornm
368 1084 520 1167 aderent,
545 1108 615 1181 quo
633 1098 792 1181 tempore
801 1086 1034 1177 Dicaeogenes
1043 1090 1183 1187 quidem
1320 1102 1324 1111 ’

159 1181 245 1257 hesse
267 1186 462 1259 hereditatis
488 1183 520 1257 se
540 1182 730 1271 abdicabat,
758 1210 905 1280 ermque
927 1175 1097 1263 sororibus
1119 1196 1182 1268 oi·

156 1290 335 1379 creogenis
349 1280 501 1359 desunsti
509 1284 575 1360 fine
585 1280 650 1359 vssr
657 1284 887 1359 controuersia
902 1312 921 1359 r
934 1286 967 1359 se
980 1290 1178 1372 trudendsm

154 1384 1177 1484 recipiebrtseocharesrutemsponsorsiebatquseDimeo·
1249 1396 1254 1412 '

156 1488 378 1585 repetiveritis
390 1486 576 1587 recepisset,
592 1514 630 1561 ea
645 1488 906 1588 reapsequoque
924 1487 992 1563 esse
1005 1494 1178 1590 praestitu·
1250 1522 1263 1535 ·

154 1616 237 1663 rum.
246 1592 358 1663 sedet
372 1592 551 1677 vosoriri,
560 1614 733 1683 rogemus,
743 1596 1053 1689 quotquntreituor
1065 1594 1175 1691 gessae
1218 1590 1231 1604 '

152 1691 371 1781 interfuistis,
394 1706 449 1784 rt,
473 1718 557 1765 num
573 1718 651 1763 verr
665 1691 835 1776 dicamus,
853 1718 873 1763 r
889 1698 1055 1769 memorie
1070 1696 1175 1777 vestre

151 1797 340 1893 requirere,
371 1792 539 1891 nobisque
561 1791 755 1865 succurrere
776 1794 897 1868 velitis.
945 1799 1038 1869 Nem
1054 1794 1078 1869 fi
1094 1826 1174 1877 verr
1207 1812 1212 1820 ’

152 1894 228 1967 dicit
249 1898 503 1989 Dicreogenes,
534 1893 616 1992 quid
639 1894 736 1967 nobis
758 1892 895 1991 prodest
917 1894 1012 1969 crosa
1033 1898 1173 1975 vicisse?
1192 1954 1195 1960 ·

153 2000 205 2093 qui
221 1998 370 2070 meliore
379 1998 455 2069 ideo
468 1996 548 2069 loco
565 1996 696 2081 sumus,
720 2021 820 2094 quum
838 1994 966 2069 suimus
983 1998 1173 2079 entes-iste.
1256 2014 1259 2020 '
1355 2040 1367 2077 ι

151 2099 263 2171 sanes
284 2113 343 2169 rut
357 2122 500 2195 quan-rm
516 2100 551 2167 in
568 2122 606 2168 re
623 2096 822 2169 conditione
840 2098 897 2201 isse
912 2123 1005 2171 nunc
1019 2098 1066 2173 est
1077 2102 1172 2179 dete·

150 2196 457 2297 riore,·possqurm
479 2198 573 2271 causa
596 2198 734 2283 cecidit,
769 2224 873 2294 quam
899 2197 965 2271 suit
984 2216 1171 2303 antequam

149 2301 462 2373 condemnaretur?
511 2306 639 2371 Annon
655 2298 773 2371 adem
790 2298 881 2373 bona
891 2300 1003 2373 adhuc
1018 2304 1173 2400 possidet,

150 2426 232 2498 quae
246 2402 382 2501 pridem
400 2396 558 2499 possedit,
577 2402 622 2473 nis
638 2402 846 2471 imminute?
892 2406 983 2473 Nam
1005 2402 1027 2473 st
1049 2407 1171 2483 verbo-

152 2516 245 2578 tenus
261 2520 419 2591 tanturn,
443 2502 475 2576 id
497 2501 589 2602 quod
610 2504 673 2590 rit,
698 2496 788 2573 besse
804 2496 944 2590 destitit,
968 2510 1170 2607 neutiquam

151 2621 259 2680 sutem
280 2603 434 2703 promisit
449 2631 522 2678 earn
537 2605 742 2676 traditurum
755 2605 839 2675 nussi
851 2607 1101 2684 controuersiae
1111 2611 1171 2686 ob·

150 2711 300 2792 noriam,
329 2707 461 2804 ecquod
482 2707 620 2778 undem
640 2705 886 2778 detrimentum
909 2711 1042 2806 accepit
1056 2711 1098 2784 ab
1112 2714 1170 2788 ilsr
1296 2705 1302 2714 ’

150 2805 200 2878 sur
215 2804 364 2893 cessione
381 2807 578 2880 bonorum?
628 2806 742 2878 Habet
763 2809 854 2878 enim
877 2808 989 2880 adhuc
1003 2829 1169 2912 tenetque

150 2910 297 2980 trsorern
313 2933 445 2982 eorum.
494 2905 563 3007 Ipso
588 2911 681 2980 eninr
701 2906 794 2980 bona
814 2933 859 2980 ne
886 2907 1169 3010 habuitquidenr,

148 3025 330 3108 antequam
347 3007 439 3082 causa
455 3009 607 3094 cederet,
629 3007 682 3081 sed
699 3009 896 3082 habent—illa
913 3011 967 3094 hi,
994 3018 1059 3111 ‘qui
1075 3015 1116 3090 ab
1131 3018 1171 3092 il·

148 3109 179 3182 lo
194 3137 279 3184 curn
294 3108 466 3198 emissent,
486 3127 546 3182 rut
559 3111 708 3210 pignoris
725 3112 803 3188 loco
823 3110 1044 3210 accepissent,
1067 3141 1171 3214 pecu·

148 3215 198 3284 nia
219 3229 338 3310 perata
365 3213 646 3384 compensarunt,
690 3237 792 3310 quem
821 3217 1002 3312 pecuniam
1024 3216 1174 3294 debebat

148 3317 381 3406 Dicaeogenes
402 3317 436 3412 ip
452 3339 479 3384 rs
503 3313 651 3398 reluere,
682 3310 784 3384 etsie
807 3311 957 3386 nostrum
980 3321 1106 3416 cuique
1121 3347 1172 3395 rra

147 3430 213 3486 tarn
231 3415 328 3486 snanr‘
341 3418 539 3512 portionem
554 3439 593 3510 ex
609 3413 724 3486 debito
745 3411 928 3490 restituere.
975 3419 1059 3492 Ideo
1076 3425 1171 3498 enim

149 3513 326 3612 sponsores
347 3515 389 3594 ob
413 3541 455 3590 eo
478 3514 745 3614 postulauimus,
782 3534 818 3588 et
838 3516 937 3590 datos
964 3545 1044 3593 acce
1068 3525 1171 3613 imur,

150 3643 218 3688 non
236 3615 384 3690 sidentes
399 3617 507 3706 issum,
522 3616 712 3716 ubsqueissr
726 3620 901 3706 cautione,
924 3546 1089 3716 promissis
1105 3623 1171 3700 suis

149 3720 238 3790 rstro
253 3743 292 3790 re
310 3717 380 3815 ipsu
399 3716 502 3790 fidem
527 3715 593 3791 esse
611 3711 791 3790 sessurum.
840 3723 931 3792 Nsnr
960 3739 1094 3820 praeter
1108 3751 1172 3826 par

150 3819 434 3892 domuncusarum
457 3835 549 3892 extre
571 3821 721 3906 moenis,
757 3835 793 3890 et
814 3819 981 3914 sexaginte
1002 3827 1118 3918 iugera
1132 3831 1190 3905 in.

151 3921 270 4008 Pedio,
294 3919 341 3996 nis
356 3921 552 4008 retulimus,
583 3920 638 3994 sed
655 3921 703 3992 isli
720 3921 849 4019 reliqua
864 3922 1018 4012 habent,¹
1037 3925 1096 4024 qui
1113 3945 1177 4003 rur
1274 3932 1278 3940 '

151 4019 317 4094 emerunt
331 4021 371 4094 ab
395 4047 463 4110 eo,
495 4035 555 4093 rut
580 4024 804 4118 oppignerata
825 4019 884 4113 sibi
908 4025 1056 4126 habent3
1083 4053 1186 4125 quoe.

151 4123 227 4196 inde
252 4149 324 4196 non
343 4123 564 4221 deducimus,
588 4149 648 4206 ne,
670 4121 703 4195 id
729 4119 969 4212 fisecerimus,
995 4129 1030 4196 in
1047 4131 1176 4206 iudicio

152 4223 371 4298 condemnati
383 4279 394 4313 ,
428 4219 571 4312 molstus
592 4223 787 4298 debeamus.
857 4231 955 4305 Nrrn
981 4229 1185 4312 Miciorm

700 4325 814 4444 Dds
1089 4357 1239 4431 qua..
