3075 5150
1301 389 1386 446 Ψ-.

313 610 319 620 .
359 551 446 644 „2198
543 541 1196 618 lsAEIORAT101X.SVPER
1272 545 1405 634 eram

340 801 341 810 ,
374 723 589 826 euitiamque
602 751 674 797 rem
691 719 830 811 dediss‘e,
853 750 934 801 cnm
951 751 1015 824 per
1030 753 1086 814 ee,
1118 751 1205 824 quae
1225 722 1406 822 disputaui,

376 845 454 902 tum
471 855 531 928 per
548 821 788 900 affirmationes
798 823 958 918 testium,
993 846 1029 900 et
1042 829 1193 926 denique
1196 851 1270 999 fiper
1285 827 1409 918 legum

325 947 329 966 ⁴
376 926 592 1018 Asanssioness
625 935 754 1001 Verum
770 925 879 1028 hiipii
894 929 1084 1020 [aduersarii
1099 933 1180 1019 mei]
1222 922 1408 1000 biconii‘cii

134 1067 136 1106 i
286 1107 289 1120 ,
380 1033 475 1120 sunt,
500 1059 518 1103 a
534 1031 568 1104 ie
584 1030 676 1103 bone
689 1032 778 1102 haec'
790 1055 855 1130 per
870 1028 962 1102 nesae
979 1030 1098 1117 teneri,
1121 1027 1407 1128 etiniustitiaipsrs

378 1135 516 1208 suetam
539 1131 586 1205 est
606 1132 733 1230 liquida
747 1133 784 1204 et
798 1131 988 1230 perspicua,
1012 1150 1065 1223 vt,
1094 1147 1210 1205 tutum
1227 1158 1300 1203 non
1318 1133 1407 1202 arbi·

275 1311 279 1322 ,
379 1251 509 1310 erentes
531 1235 564 1306 se
586 1231 656 1306 solo
677 1234 736 1332 ilio
756 1237 820 1306 niti
834 1235 1057 1328 argumento,
1086 1234 1178 1333 quod
1195 1232 1408 1304 Aristarchus

361 1339 531 1438 ‚legitime
553 1335 733 1434 adoptatus
753 1332 812 1424 srt,
846 1337 949 1407 etiam
972 1335 1083 1416 adhuc
1097 1335 1187 1408 aliud
1203 1335 1262 1407 sabi
1281 1331 1410 1433 praefi·

380 1441 476 1514 dium
493 1436 774 1535 circumspiciant
812 1439 956 1529 'Patrem
972 1438 1204 1510 scilicetriunt
1226 1438 1324 1510 suum
1346 1439 1411 1510 hu·

377 1543 431 1615 ius
447 1538 641 1612 hereditatis
657 1563 739 1630 ergo
756 1534 920 1624 muliiam
935 1542 970 1610 in
987 1538 1064 1610 foro
1086 1541 1268 1632 irrogatam
1286 1537 1332 1608 de
1350 1565 1412 1636 pe.

230 1727 233 1740 .
255 1681 258 1688 ›
380 1641 473 1720 cuiio
488 1641 548 1714 suo
564 1636 769 1739 dependiffe.
819 1643 899 1724 Quo
914 1639 1073 1738 perfugio
1088 1641 1158 1712 hoo
1172 1665 1299 1740 nempe
1307 1667 1413 1738 quae

379 1759 479 1830 runt,
503 1756 540 1812 vt
555 1740 579 1812 fi
595 1743 668 1814 satis
685 1740 823 1814 firmum
840 1739 1040 1842 praeiidium
1055 1747 1091 1834 in
1108 1743 1415 1841 adoptationem

381 1843 503 1920 starchi
518 1845 630 1916 minus
645 1840 703 1930 sr't,
734 1869 849 1941 neque
869 1841 1032 1918 hattenus
1049 1844 1225 1916 videantur
1239 1845 1335 1916 bona
1353 1871 1416 1916 no·

227 1995 232 2005 2
369 1945 443 2047 Astra
458 1947 530 2018 iure
547 1948 681 2043 optimo
695 1959 832 2033 tenerm
863 1945 970 2017 saltim
984 1942 1099 2018 tamen
1114 1973 1154 2017 ex
1169 1946 1275 2018 altero
1290 1947 1354 2016 iiio
1372 1949 1412 2017 ti·

379 2049 456 2122 tulo
480 2047 563 2120 reris
589 2046 725 2144 depenfi
747 2045 802 2121 ios
825 2047 968 2146 aliquale
994 2047 1214 2120 hereditatem
1228 2047 1327 2119 iliam
1344 2073 1411 2146 pro

381 2151 479 2222 arrha
493 2143 583 2244 quoii
598 2147 771 2232 retinendi
790 2146 868 2247 ipfir
885 2146 1049 2223 acceffiffe
1057 2150 1217 2245 videatur.
1263 2155 1346 2242 Ego
1355 2177 1411 2220 ve·

163 2307 165 2314 .
378 2277 438 2340 ro,
458 2249 602 2337 iudices,
626 2253 729 2322 etiam
745 2249 814 2320 hoc
829 2276 888 2321 eos
907 2255 1061 2340 mentiri,
1086 2251 1226 2350 planum
1245 2249 1351 2322 vobis
1367 2249 1411 2323 ia·

378 2355 476 2428 ciam.
501 2347 1410 2452 Namfisorshaeraereelienooppreiiaiuisset,quam

379 2453 477 2528 aiunt
492 2449 605 2540 fusse,
631 2477 702 2528 non
717 2454 755 2524 hi
771 2448 927 2549 profesto
946 2479 1011 2553 pro
1027 2455 1083 2528 illa
1100 2454 1190 2527 sorte
1205 2452 1350 2528 loiffent
1366 2455 1407 2526 de

379 2555 449 2634 suo.
499 2556 626 2653 Neque
642 2557 733 2627 enim
747 2554 1041 2655 competebathoc
1056 2553 1143 2656 ipsis,
1165 2555 1318 2653 sediliis,
1337 2559 1408 2656 qui·

378 2660 444 2733 bus
459 2658 511 2729 ius
528 2672 563 2728 et
578 2654 826 2754 potestaserat,
858 2674 1003 2730 matrem
1025 2684 1153 2746 meam,
1180 2674 1218 2729 vt
1231 2662 1407 2754 virginem

235 2760 242 2789 “’
376 2759 540 2834 heredem
569 2744 714 2845 tritam,
753 2756 815 2831 fibi
843 2760 880 2831 in
907 2763 1165 2833 matrimonium
1187 2760 1407 2857 deposcendi,

376 2865 519 2958 eiusque
533 2858 817 2935 adiudicationem
835 2864 864 2932 a
876 2860 1043 2933 iudicibus
1058 2862 1273 2959 impetrandi.
1327 2868 1406 2934 Hos

375 2963 560 3061 oportebat
582 2960 625 3033 de
639 2960 748 3033 alieno
765 2956 842 3033 aere
854 2963 1219 3063 reluendoprouidere.
1269 2967 1405 3063 Neque

325 3074 345 3102 ⁵
374 3058 532 3163 prosette
556 3060 788 3135 Aristarchum
808 3066 844 3134 in
867 3064 1036 3137 eiusmodi
1060 3064 1182 3140 sortem
1203 3061 1418 3142 obaeratami

371 3159 597 3249 immifiss'ent,
619 3164 996 3265 aquaemoiumentum
1004 3167 1141 3268 quidem
1150 3166 1295 3239 ablaturi
1305 3194 1387 3240 eran

373 3266 529 3351 nullum,
560 3262 681 3337 damna
702 3280 820 3338 autem
842 3268 1003 3361 ingentia.
1051 3268 1119 3341 Alii
1140 3267 1280 3367 quidem
1291 3324 1308 3355 ‚.
1331 3275 1395 3367 qui

196 3410 199 3419 =
259 3450 262 3458 A
370 3368 435 3443 bus
450 3392 504 3439 res
518 3364 699 3441 domestica
715 3362 847 3466 pessum
861 3364 956 3459 ierit,
984 3394 1129 3467 operam,
1138 3370 1238 3458 dant,
1258 3385 1303 3446 vt
1319 3370 1369 3442 lib

369 3469 463 3544 risui
485 3466 607 3539 aliems
628 3470 664 3540 in
686 3468 809 3544 domos
825 3474 1099 3571 emancipentur,
1129 3488 1167 3541 vt
1180 3462 1337 3542 exsortes'
1350 3476 1389 3545 in

133 3657 137 3667 Ι
368 3572 490 3645 sanxire
505 3567 588 3641 fiant
602 3572 697 3667 eius,
721 3596 789 3667 qua
804 3588 917 3669 patres
931 3570 1229 3671 perculsriuisient.
1280 3576 1336 3642 Hi
1346 3601 1396 3660 au,

237 3690 241 3709 ¹
366 3689 455 3759 tem,
488 3669 628 3759 scilicet,
652 3674 699 3745 in*
714 3670 929 3767 substantiam
958 3673 1147 3747 obaeratam
1172 3675 1260 3745 vitro
1286 3674 1363 3747 sem

148 3810 151 3827 ·
291 3848 299 3855 ,
366 3780 546 3869 ingerunt,
565 3789 604 3843 vt
617 3798 688 3845 non
705 3772 815 3845 solum
832 3776 947 3848 alienis
962 3776 1083 3849 debitis
1102 3775 1361 3861 satisfaciant‚s

367 3881 471 3959 etiem
486 3874 575 3945 bona
589 3872 713 3971 ilpsrsua
725 3877 878 3973 perdant.
927 3878 1000 3953 Aiia
1017 3880 1140 3950 omnia.
1160 3964 1164 3972 .
1189 3877 1318 3948 Nolite
1327 3904 1367 3949 cr

366 3978 465 4065 dere,
491 3974 631 4047 iudices.
679 3980 804 4070 Nugae
826 3979 889 4051 hae
911 3978 989 4053 sunt
1006 3998 1043 4053 et
1057 3975 1258 4079 praestigiae.
1315 3984 1362 4052 So

148 4146 152 4153 .
303 4100 308 4115 ·
363 4080 448 4153 haec
464 4080 546 4149 aeris
561 4076 660 4175 alieni
673 4094 745 4149 erat
759 4080 887 4166 exsors,
910 4098 946 4152 et
959 4082 1019 4158 ioli
1033 4086 1131 4154 matri
1147 4106 1243 4154 inere
1257 4078 1304 4150 de
1320 4086 1378 4153 iur

285 4176 287 4184 ’
363 4176 593 4282 competebat.
642 4182 700 4281 Hi¹
714 4196 851 4274 autem,
882 4186 1113 4283 acupiditate
1140 4184 1197 4255 sua
1217 4183 1359 4255 stimula

1257 4308 1377 4358 numo
