3075 5150
154 633 266 715 ern.
344 565 593 696 'crnonrc
630 619 1005 723 nrneorrrrr
1097 601 1210 718 m

154 801 248 898 philo
265 797 391 891 relisti,
419 799 497 876 etsi
521 801 601 905 qnid
614 802 723 878 adhuc
748 801 838 880 eliud
857 807 890 876 ei
908 801 1039 894 luisset,
1062 796 1178 882 inmi-

153 905 271 996 grarit,
295 929 404 1002 eaque
417 909 532 978 omnia
547 905 595 979 sui
610 901 738 986 irsiarit
752 900 819 978 else
833 901 910 991 filii,
923 905 977 978 vel
991 920 1175 1005 antequem

151 1029 211 1074 vos
225 1003 267 1076 de
284 1001 470 1078 successore
483 1012 519 1080 in
534 1007 626 1080 illam
641 1003 1107 1086 heredintendecreultiecis.
1127 1009 1174 1082 Et

150 1107 512 1195 nihilominus-{tamen
536 1125 575 1180 vt
588 1111 656 1182 huc
673 1110 801 1208 perlate
816 1107 894 1178 lunt
910 1105 1076 1206 Allyplrili
1090 1102 1175 1200 offa,
1194 1191 1201 1198 ,

148 1207 219 1292 ille,
246 1211 305 1306 qui
321 1209 355 1280 se
371 1209 498 1286 dudum
516 1234 579 1308 pro
596 1213 755 1307 adoptato
772 1213 844 1282 eius
860 1206 933 1284 filio
946 1207 1096 1303 gesserat,
1112 1237 1172 1284 ne·

148 1333 214 1406 que
229 1305 417 1408 spellatum
441 1313 594 1412 exposuit
614 1311 777 1410 Allyphili
800 1335 945 1410 corpus,
966 1335 1081 1410 neque
1105 1314 1171 1387 hu

148 1413 270 1497 mauit,
294 1410 349 1482 led
363 1409 634 1512 mnicirlllyphili
648 1431 752 1514 atque
768 1413 1041 1502 commilitones,
1055 1411 1171 1488 viden

145 1525 196 1582 tes
209 1527 345 1610 patrem
361 1539 477 1586 meum
494 1531 745 1610 aegrotantem,
768 1538 826 1584 me
842 1531 954 1586 autern
968 1512 1171 1590 rrbeabsen·

144 1628 232 1699 tem,
248 1611 315 1714 ipsi
331 1631 367 1686 et
383 1615 651 1716 proposuerunt,
676 1631 712 1688 et
727 1615 857 1714 relique
869 1618 983 1690 onmia
996 1613 1079 1688 iulia
1092 1640 1170 1714 per·

144 1733 307 1808 egerunt,
327 1733 528 1815 patremque
540 1743 677 1812 meum,
701 1715 815 1790 adhuc
830 1741 989 1812 regrum,
1002 1715 1167 1790 rdtumt»
1219 1757 1243 1788 a

142 1817 215 1888 lum
242 1813 407 1917 Astyphili
430 1819 661 1906 adduxerunt,
697 1821 798 1904 certi,
844 1823 967 1890 Manes
996 1816 1167 1917 nnyphiti

144 1943 223 1988 enm
241 1917 389 1992 libenter
401 1933 504 2019 atque
518 1937 690 2016 gratanter
704 1916 772 1993 elle
791 1916 1000 1992 admissuros.
1049 1921 1181 1992 Huius.

142 2021 190 2090 rei
204 2019 301 2092 robis
318 2019 494 2094 familiares
518 2018 596 2120 Asty
622 2023 683 2096 hili
703 2017 803 2094 telles
826 2019 1016 2118 praelirbo,
1034 2022 1166 2119 quippe

142 2123 200 2218 qui
214 2125 263 2192 rei
277 2135 352 2196 tum
370 2119 478 2216 gestie
498 2049 737 2196 interssrerunt.
791 2121 897 2220 Tader.
946 2118 1167 2218 Albpltilum
1291 2182 1296 2194 ,
1341 2130 1344 2139 “
1416 2186 1417 2195 ,

140 2224 254 2320 itaque
269 2248 289 2292 a
302 2223 430 2296 Cleone
443 2251 516 2298 non
533 2221 599 2298 else
615 2227 811 2311 humatum,
836 2233 955 2321 neque'
969 2221 1040 2326 ipse
1054 2223 1164 2297 eleon

142 2321 356 2412 inficiabitur,
382 2343 418 2396 et
440 2327 475 2400 hi
498 2323 596 2399 telles
619 2325 716 2400 vobis
732 2321 992 2400 confirmarunt
1041 2325 1091 2395 Vt
1106 2349 1166 2396 au·
1266 2391 1271 2414 ,

142 2441 210 2495 tem
240 2423 282 2496 ab
305 2426 522 2524 expeditione
545 2427 680 2501 militari
708 2428 890 2510 redieram,
928 2447 1073 2498 cernens
1095 2424 1161 2496 hot

146 2525 330 2623 [Cleonem
345 2552 424 2600 cum
440 2529 677 2625 consortibus]
700 2527 866 2628 poffidere
879 2527 970 2601 bona
985 2523 1163 2623 nllyptili,
1293 2612 1297 2621 Ι
1417 2611 1418 2620 ¹

143 2654 332 2727 eorumque
349 2626 478 2703 stulius
494 2636 686 2731 percipere,
711 2626 920 2728 audiensque
942 2628 1013 2728 ipse
1029 2654 1049 2700 e
1064 2625 1162 2700 Cleo·
1417 2725 1418 2728 Ἴ

144 2754 199 2816 ne,
222 2755 303 2802 cum
320 2730 464 2819 diceret,
487 2730 594 2807 filium
617 2732 713 2807 suum
737 2733 778 2805 ab
801 2728 981 2828 Allyphilo
1006 2724 1161 2825 elsepro
1227 2776 1239 2792 κ
1296 2760 1301 2765 ·
1417 2731 1418 2802 ζ

143 2826 209 2902 filio
235 2830 452 2931 adoptatuml,
483 2860 545 2933 per
563 2832 817 2921 testamentum,
851 2832 945 2931 quod
967 2827 1162 2929 depositum

142 2928 221 3003 esset
236 2958 344 3031 penes
368 2934 498 3026 [matris
514 2962 609 3009 meae
621 2936 779 3035 fratrem]
794 2934 991 3007 Hieroclem
1003 2930 1168 3035 Hephae-4

140 3032 275 3123 slidcm,
299 3032 407 3108 statim
431 3036 587 3109 adhunc
612 3038 808 3111 Hieroclem
832 3033 1049 3118 accedebam,
1070 3029 1162 3103 bene

140 3136 280 3234 quidem
302 3160 442 3229 gnarus,
465 3141 662 3213 Hieroclem
688 3139 807 3213 Cleoni
836 3137 1003 3235 imprimis
1024 3130 1164 3205 senrilia·

139 3262 211 3308 rem
238 3232 322 3323 else,
346 3254 582 3313 verumtamen
606 3238 696 3313 haud
720 3242 864 3338 opinans
891 3261 971 3309 eum
1002 3232 1161 3306 ausurum

141 3335 206 3411 else
223 3338 438 3419 mendacium
456 3338 680 3439 deAstyphilo
695 3340 826 3430 dicere,
848 3330 1162 3437 quafiegilsetAlly·
1209 3360 1212 3366 ·

137 3440 256 3538 philus
272 3438 315 3526 id,
337 3441 430 3538 qood
445 3465 516 3513 non
529 3442 608 3537 egit,
621 3444 724 3542 idque
732 3468 775 3515 eo
783 3458 943 3539 tempore
950 3438 1073 3524 dicere,
1086 3457 1160 3533 quo

141 3540 351 3639 Allyplrilur,
363 3534 758 3641 rtpotevitadefunilus,
782 3530 1162 3637 iamnonampliuspos·

142 3642 396 3715 letHieroclem
407 3642 982 3742 menduciicoarguere3prcesertim
992 3661 1072 3711 cunr
1080 3639 1163 3709 Hie·

140 3742 250 3815 rocles
267 3764 364 3815 meus
380 3769 444 3841 vna
457 3761 561 3845 atque
575 3746 739 3846 Aslyphili
752 3743 946 3817 auunculus.
957 3736 1047 3813 ellet
1096 3741 1173 3841 Ve-¹

140 3842 400 3919 mmenimuero
417 3848 613 3937 Hierocles,
639 3874 661 3920 o
677 3846 823 3934 iudices,
835 3844 930 3920 'nihil
944 3844 1069 3915 horum
1078 3862 1161 3937 pen·
1228 3874 1244 3905 ι

140 3942 329 4036 lihabitns,
359 3946 402 4017 de
424 3946 625 4021 testamento
647 3976 666 4019 ι
686 3974 742 4021 me
755 3952 998 4041 interrogatus,
1024 3940 1161 4037 respon·

141 4046 206 4131 dit,
233 4048 267 4117 id
287 4048 440 4143 petresse
467 4046 533 4121 elle
555 4047 746 4149 depositum
762 4050 804 4121 ab
820 4048 935 4149 iploA
1010 4042 1100 4126 hilo,
1121 4040 1160 4111 5¹¹

141 4142 320 4244 procinslu
336 4146 458 4244 stante,
485 4174 565 4221 cum
582 4146 679 4223 classe
695 4150 896 4246 Mitylenam
918 4170 982 4245 pro
1008 4137 1163 4254 ciscend'n

140 4248 341 4323 Hieroclem
356 4250 422 4328 hcc
441 4249 484 4325 ad
499 4276 557 4324 me
572 4254 666 4327 vlam
681 4248 748 4325 else
765 4254 931 4338 oratione,
955 4269 1027 4344 quo
1042 4255 1163 4315 cerno·

739 4353 810 4427 Hh
1104 4364 1163 4420 te!
