3075 5150
162 592 251 681 aea
286 524 663 693 uicnuoorum
694 588 1060 703 nuatum-rr.
1107 622 1188 714 4¹7
1280 678 1283 684 Ι
1416 621 1420 634 .

157 770 347 843 inmanes
370 766 499 845 redium
516 766 853 871 cepiiieeonsrlium,
877 776 1183 872 etDicaeogenena
1239 799 1242 816 ἱ
1314 812 1325 831 =

159 875 250 943 omni
266 871 406 970 prorsus
421 878 493 947 iure
507 874 681 947 habendae
698 873 866 947 tenendae
883 874 1078 980 hereditatis
1094 885 1197 960 ereb,

157 970 253 1059 diue,
272 973 365 1047 sacili
388 978 528 1067 negotio
552 976 669 1049 videor
690 978 777 1051 mihi
792 971 1081 1065 demonstraturus
1098 980 1180 1057 effe·

154 1077 252 1147 Binae
275 1080 387 1165 enim,
417 1074 537 1157 diuerfi
562 1080 711 1165 tenoris,
748 1075 882 1160 tabulae
904 1080 1057 1153 eiusdem
1080 1080 1175 1157 testa·

150 1180 258 1248 menti
277 1180 431 1277 prolatae
454 1177 605 1267 fuerant,
635 1182 758 1251 alterae
783 1179 919 1276 quidem
942 1178 1070 1254 dudum
1086 1201 1177 1285 ante,
1277 1221 1282 1247 ι

150 1277 273 1353 alterae
287 1298 404 1355 autem
423 1280 533 1353 multo
547 1279 631 1381 post.
680 1284 722 1352 Et
739 1282 868 1385 primae
884 1281 1021 1379 quidem
1035 1283 1174 1359 illucve·
1274 1336 1278 1341 -
1337 1296 1345 1313 '

149 1377 370 1473 tudiores,.a
391 1386 561 1468 Peenno,
594 1384 695 1455 huius
715 1384 942 1476 Dicaeogenis
958 1400 1070 1483 patre,
1091 1411 1174 1484 pro·

149 1479 258 1575 latae,
286 1486 539 1577 Dicaeogenem
564 1484 658 1560 hunc
679 1487 840 1559 auunculi
859 1482 966 1559 nostri
984 1480 1094 1570 filium
1115 1489 1171 1565 ad·
1200 1564 1209 1593 Ι

147 1587 308 1678 optiuum
332 1610 370 1656 ea
398 1582 475 1677 iege
504 1586 699 1675 faciebant,
744 1602 782 1658 vt
801 1586 830 1657 is
852 1586 1015 1659 trientem
1046 1588 1171 1665 solum-

147 1686 251 1755 modo
276 1680 472 1759 hereditatis
494 1688 657 1774 haberet3
696 1684 860 1785 posterius
891 1704 1007 1761 autem
1030 1688 1170 1789 abipso
1290 1751 1297 1759 .

144 1788 363 1881 Dicaeogene
384 1789 534 1887 prolatae
558 1790 651 1865 hunc
668 1788 777 1887 ipsum
798 1789 959 1861 heredem
977 1815 1018 1862 ex
1032 1788 1098 1863 affe
1110 1793 1167 1867 de·

143 1887 325 1964 elatabant.
373 1891 504 1963 Harum
519 1891 674 1965 binarum
683 1888 874 1963 tabularum
887 1892 1006 1963 alteras
1015 1894 1168 1989 quidem,

142 1988 209 2057 illas
232 2016 254 2063 a
279 1994 432 2064 Proxeno
459 1992 627 2089 proditas,
654 1994 888 2085 Dicaeogenes
909 1992 979 2091 ipse
997 1993 1167 2070 iudicibue

143 2086 261 2163 auster
277 2090 358 2176 faie,
375 2108 477 2192 atque
493 2092 666 2192 persnaht,
688 2108 727 2163 vt
742 2092 921 2166 crederent
935 2096 1054 2182 aienti,
1070 2120 1166 2171 com·

141 2196 312 2263 mentitias
330 2188 411 2281 eii03
437 2220 519 2293 quaa
533 2212 647 2269 autem
665 2194 981 2293 ipse'Dicaeogenes
1004 2200 1163 2295 protulit,

141 2316 190 2362 eas
213 2298 278 2393 qui
302 2286 400 2367 teiies
423 2292 673 2371 affirmauerant
697 2296 829 2393 abipso
850 2297 1021 2369 auunculo
1045 2295 1163 2371 nostro

141 2390 278 2493 scriptae
294 2413 398 2493 atque
411 2396 541 2471 reiiiias
555 2397 639 2485 effe,
668 2398 705 2471 hi
721 2397 820 2469 teiiea
836 2394 905 2472 falti
923 2394 1002 2469 uitii
1015 2399 1163 2473 testimo·
1180 2492 1185 2503 ι

141 2496 184 2565 nii
200 2494 356 2571 conaitti
370 2497 457 2569 sunt.
508 2501 679 2573 Ambabus
695 2502 811 2600 itaque
824 2498 889 2570 illia
909 2498 1100 2571 testamenti
1115 2518 1161 2573 ta·

140 2595 221 2671 bulis
245 2605 375 2697 pariter
397 2601 576 2676 debilitatis
592 2618 696 2702 atque
710 2602 896 2695 abrogatis,
923 2603 1071 2700 aliasque
1086 2603 1162 2676 nui·

142 2699 202 2786 las,
234 2718 374 2800 practer
401 2703 477 2790 has,
508 2703 631 2778 eistare
653 2719 732 2776 cum
749 2707 785 2775 in
799 2697 952 2776 confesso
968 2703 1025 2788 fit,
1047 2704 1176 2802 liquet·
1209 2752 1213 2759 ·

139 2801 198 2873 iam
215 2807 394 2896 nemipem
410 2799 492 2894 effe,
515 2809 571 2878 cui
587 2805 751 2878 hereditas
768 2831 808 2877 ex
829 2805 930 2876 titulo
948 2803 1161 2892 testamenta·
1206 2799 1212 2817 ’

138 2905 199 2974 n'ae
221 2904 403 3000 legationis
426 2921 614 3006 competat:
659 2933 699 2978 ex
727 2905 830 2999 titulo
857 2905 1157 3004 consanguinitatia
1200 2975 1204 2980 .
1379 2993 1388 3000 „

137 3021 252 3083 autent
275 3007 352 3079 solis
375 3033 448 3078 eam
466 3023 664 3108 competere
676 3006 849 3080 sororibus
862 3011 1084 3101 Dicaeogeuis
1102 3009 1158 3082 de·
1272 3050 1281 3074 ι

139 3103 264 3198 suntii,
280 3114 388 3206 aquo
399 3110 565 3196 hereditas
587 3109 683 3182 issaec
698 3104 813 3182 aelith
827 3107 883 3180 est.
906 3131 1049 3208 querum
1068 3109 1167 3210 filiae,
1212 3146 1226 3175 x,

136 3205 290 3280 fororum
304 3207 442 3282 nostrae
461 3211 537 3285 sunt
561 3237 690 3284 uxores.
741 3208 910 3293 Quocirca
931 3210 1036 3282 visum
1055 3213 1156 3284 nobie
1294 3216 1299 3230 '

137 3307 216 3404 tuit,
250 3313 288 3384 in
310 3313 383 3382 iure
407 3327 524 3412 petere
547 3315 767 3386 hereditatem
781 3337 821 3383 er
834 3312 937 3382 titulo
953 3315 1157 3412 propinqui·
1232 3354 1243 3368 ·

134 3416 206 3482 uns
217 3437 227 3498 3
240 3499 243 3504 Ι
256 3426 291 3482 et
304 3407 348 3484 fic
363 3417 547 3510 petiuimus
564 3417 758 3514 portionem
774 3417 1008 3512 enusquisque
1030 3410 1090 3486 fibi
1104 3439 1158 3488 ra·

135 3523 212 3586 tana
266 3518 393 3586 Verum
410 3517 445 3588 in
464 3543 505 3588 eo
520 3519 585 3588 iam
600 3539 680 3591 cum
698 3512 862 3608 etiemus,
888 3531 927 3586 at
939 3511 1175 3588 formulisiu·x
1251 3534 1256 3543 “

134 3614 311 3694 risiurandi
326 3619 438 3688 mutui
461 3643 480 3690 a
501 3619 669 3690 iudicibus
685 3618 897 3710 adigerentur
919 3617 1006 3706 [nos
1022 3613 1159 3690 astaret»

135 3713 233 3802 hinc,
257 3732 292 3788 et
307 3718 400 3790 illine
414 3744 510 3806 reus,
534 3720 577 3805 de
593 3723 733 3792 veritate
748 3743 869 3815 eorum
878 3727 1005 3790 tuenda
1019 3735 1054 3790 et
1061 3745 1156 3818 prae·

136 3813 262 3902 standu,
296 3845 385 3916 quae
405 3845 480 3919 pars
497 3831 652 3920 quaeque
672 3845 736 3919 pro
752 3818 784 3890 se
798 3815 880 3893 eiset
894 3817 1036 3912 ditiora]
1049 3824 1153 3892 inter·

137 3917 227 4015 peffit
250 3919 439 3992 Leochares
462 3923 537 4006 hic,
570 3925 795 4008 annuntians,
823 3921 1046 3994 hereditatem
1062 3923 1153 3994 hanc

136 4019 382 4094 controuerfiae
396 4023 483 4096 hand
500 4019 565 4096 eise
576 4023 769 4098 obnoxiam.
818 4025 933 4104 Quem
942 4021 1058 4097 testem
1069 4048 1154 4099 cum

135 4125 368 4209 reiicetemus,
402 4129 602 4224 exceptione
625 4123 673 4211 vsi
690 4121 758 4196 salii
782 4117 1073 4217 didiitessimonii‚
1093 4149 1153 4222 pe·
1178 4165 1182 4174 ·

134 4224 206 4294 titio
235 4223 376 4322 quidem
404 4225 599 4300 hereditatis
625 4223 894 4395 antiquagam,
926 4241 1046 4300 oontm
1068 4251 1151 4400 γὲτο
1265 4242 1274 4254 ’

724 4329 756 4401 D
1061 4351 1081 4398 a
1113 4329 1149 4398 io
