3075 5150
162 551 271 638 uas·
334 528 619 612 -nnonnr
657 521 1027 617 neneorrarrel
1121 475 1188 641 ςιιΙ

162 725 246 797 dum
262 721 375 796 facere
390 719 669 796 adiudicationem
679 721 936 796 hereditatum?
960 695 1004 797 dt
1019 699 1191 807 nihisomi·

161 853 228 900 nna
245 843 363 898 tamen
385 825 441 896 hic
465 823 719 916 [aduersarius]
743 823 873 896 tametsi
896 825 991 919 leges
1013 829 1097 898 haec
1121 830 1188 901 edi·

162 944 263 1016 cant,
294 945 330 998 et
350 923 479 1002 tametsi
507 927 777 997 communicatio
800 930 906 1016 [inter
928 953 984 1000 me
1004 945 1040 999 et
1061 935 1188 1002 Strato·
1216 973 1222 992 ι
1293 998 1308 1023 ,1

142 1032 274 1120 ¹clem]
298 1029 413 1100 iocum
429 1027 554 1098 habere
570 1027 703 1100 nullum
718 1031 880 1126 potuerit,
904 1029 1000 1102 ausus
1010 1045 1125 1102 tamen
1139 1029 1187 1105 est

159 1147 232 1204 tam
255 1149 388 1204 temere
408 1127 621 1202 mendacium
646 1146 714 1201 tam
737 1128 940 1228 pudendum
964 1128 1201 1208 comininiseh

158 1239 293 1306 Verum
301 1258 372 1304 non
381 1233 448 1304 hoe
456 1229 564 1302 solnm
572 1229 667 1304 ausus
678 1227 734 1319 est,
748 1257 866 1304 verum
882 1237 984 1306 etiam
997 1259 1052 1305 res
1065 1233 1186 1308 instare
1232 1296 1242 1304 .

160 1361 245 1408 eum
254 1335 302 1408 nil
317 1329 908 1434 puduitinterserepugnentissimas.
931 1333 1105 1407 Attendite
1115 1343 1194 1425 mo«

159 1435 738 1524 do,iudices,animum.Pollicitnm
749 1433 1188 1534 meritessepuerotenen·
1301 1524 1307 1536 ’

159 1555 212 1610 tes
229 1533 626 1624 heredintemfivicem,
641 1530 806 1608 semissem
824 1535 1189 1638 eiusmeipsrimperti·

157 1633 367 1714 rummesie.
392 1635 1186 1742 Atqnisipueroiusheredrtadeemeidquodhi
1223 1689 1251 1732 ¹.

157 1739 1186 1840 ainntesieextitulocognationis‚quidopuserat‚v,thance

155 1871 213 1917 me
230 1842 449 1943 sponsionem
464 1843 636 1937 exigeret?
684 1847 778 1914 Nam
793 1841 907 1914 verasr
924 1843 1001 1915 sunt
1017 1871 1072 1932 ea,
1096 1857 1185 1943 quae

155 1945 410 2046 praetendunt,
430 1959 501 2016 erat
516 1941 574 2042 ipfi
592 1967 732 2044 quoque
747 1947 799 2016 ine
815 1969 886 2016 non
896 1945 1057 2044 deterius,
1081 1963 1186 2046 atque

157 2051 246 2121 mihi
270 2046 340 2136 est,
369 2045 591 2118 hereditatem
610 2047 646 2118 in
669 2050 742 2119 iure
757 2045 904 2146 petendi
955 2050 1010 2120 Sin
1034 2061 1186 2124 autema

155 2153 418 2250 propinquitate
445 2151 585 2246 eiusque
614 2149 743 2221 iuribus
776 2146 897 2220 ercluh
919 2149 1055 2246 prorsus
1078 2167 1186 2242 erant,

157 2278 263 2325 eccur
274 2277 341 2344 ego
352 2253 539 2348 reciperem
555 2249 618 2320 illis
634 2265 765 2348 partem
783 2250 978 2322 hereditatis
992 2254 1201 2350 impertito·

155 2379 245 2443 rum,
263 2355 395 2446 legibus
406 2352 489 2421 mihi
502 2349 560 2422 soii
569 2349 792 2426 hereditatem
801 2377 840 2423 ex
854 2347 919 2424 asse
926 2351 1185 2426 addicentibus?
1226 2398 1229 2404 ·

154 2463 198 2528 At
207 2473 328 2529 eratne
337 2451 471 2526 sorfitan
482 2451 742 2545 mihinegatum,
760 2451 818 2526 nih
833 2453 898 2525 hoa
913 2455 1000 2525 mihi
1014 2454 1184 2528 concilias·

155 2559 234 2644 sem‚
251 2557 479 2631 hereditatem
493 2557 636 2653 petere?
660 2557 765 2655 Atqui
776 2555 829 2627 lex
845 2555 973 2627 volenti
988 2559 1114 2657 cuique
1127 2581 1184 2631 ve·

155 2666 247 2734 niam
258 2656 461 2735 eiusreidat.
483 2661 702 2755 Quapropter
717 2658 780 2729 hac
792 2656 985 2757 quidem'vti
992 2655 1185 2732 causatione

154 2764 218 2835 illis
230 2788 305 2834 noo
323 2761 413 2836 licet.
436 2766 482 2829 At
495 2776 567 2830 eret
577 2754 715 2831 forsitan
723 2784 831 2859 penes
845 2759 920 2831 illos
935 2760 1072 2859 aliquod
1080 2760 1185 2833 docu·
1267 2809 1272 2823 ·

153 2882 329 2951 mentum,
344 2859 651 2948 auttestimonium,
676 2886 746 2959 quo
761 2884 878 2933 carena
891 2887 956 2954 ego
968 2860 1185 2934 adiudicatio·
1221 2891 1223 2895 ·

153 2994 239 3041 nem
264 2964 459 3037 hereditatis
483 2960 616 3059 adipisci
637 2988 708 3034 non
732 2964 916 3061 poteram?
970 2966 1074 3062 Atqui
1087 2990 1127 3037 ex
1143 2964 1184 3037 ti·
1302 3053 1306 3064 ¹
1422 3013 1423 3020 κ

155 3070 233 3143 tulo
250 3066 465 3161 cognationis
481 3060 657 3160 petebam,
681 3090 753 3135 non
771 3090 810 3135 ex
825 3063 928 3135 titulo
942 3062 1119 3159 legationis
1134 3082 1184 3137 te·

151 3168 398 3242 stamentariae.
447 3168 527 3247 Quo
544 3189 626 3257 ergo
641 3160 766 3241 testes?
816 3168 922 3263 Atqui
936 3162 977 3253 si,
1006 3165 1117 3240 donec
1134 3166 1184 3242 sd·

153 3270 288 3372 perfuit
310 3266 516 3352 Stratocles,
547 3266 633 3337 mihi
660 3292 732 3339 non
757 3265 854 3339 licuit
877 3264 1118 3340 clandestinum
1139 3269 1184 3341 do

153 3373 343 3473 partiendis
358 3370 458 3442 bonis
474 3362 610 3467 pastum
627 3370 728 3454 inire,
751 3392 865 3466 neque
878 3385 976 3467 pater
990 3365 1061 3467 ipsi,
1086 3374 1186 3468 [pue-

151 3500 216 3562 το,
239 3472 414 3547 Stratociis‘
429 3468 538 3564 silio,]
558 3470 683 3541 horum
698 3470 1011 3561 [controuersorum
1030 3476 1184 3565 Hagniae

152 3576 355 3671 bonorum]
379 3576 563 3673 quicquam
586 3570 739 3671 reliquit,
765 3568 929 3643 sententia
946 3570 1097 3645 iudicum
1121 3572 1182 3647 fibi

152 3670 387 3749 adiudicatum
397 3663 1185 3775 adeptus,nequeprobabileest‚mepollicitum
1230 3707 1233 3712 ⁴
1304 3686 1329 3789 ts,
1421 3689 1423 3756 j

153 3776 218 3877 ipsi
237 3780 393 3875 [puero]
408 3772 474 3851 esse
491 3776 674 3873 quicquam
698 3774 741 3845 de
761 3772 964 3847 restituenda
978 3772 1106 3847 semisse
1124 3776 1186 3870 he.

154 3882 326 3966 reditatis,
351 3878 538 3951 adiudicate
553 3874 667 3947 denno
682 3902 742 3947 vos
752 3876 838 3948 mihi
849 3876 938 3948 hanc
949 3877 1183 3951 hereditatem.

155 3986 215 4053 Sin
232 3968 350 4053 autem
366 4006 480 4079 neque
489 3976 594 4049 sortiti
606 3976 684 4049 sunt
697 3977 739 4049 de
751 3978 872 4049 iisdem
886 3974 1057 4051 astionem
1071 3982 1105 4049 in
1114 4002 1183 4063 me,
1241 4007 1258 4029 ··

155 4110 276 4187 neque
295 4108 445 4183 aequum
461 4078 660 4158 'iudicarunt
673 4072 746 4183 'esse
769 4104 910 4158 mecum
933 4094 1090 4176 certare,
1123 4072 1184 4172 qni
1218 4110 1222 4116 ⁴
1259 4162 1264 4170 ¹

1123 4204 1185 4278 par
