3075 5150
253 611 258 635 ,
386 527 458 629 382
554 526 688 629 ,ISAEI
726 524 932 601 ORATIO
962 529 1013 599 IL
1050 524 1208 601 §VPER
1303 536 1402 613 aaa.

386 708 521 783 bundus
544 705 732 795 accederes
747 732 863 805 neque
882 732 1000 780 vxores
1020 710 1159 779 maritos
1179 707 1221 779 ad
1234 710 1403 781 conuiuia

386 812 610 895 comitantur,
634 832 746 905 neque
762 808 1038 904 computantibus
1053 806 1192 879 assident
1203 811 1402 901 interigno⁸

281 930 284 935 “
349 988 351 997 ,
384 925 439 983 tos
463 926 499 981 et
520 910 669 997 alienos,
701 890 830 1003 iensque
850 906 994 980 fortuito
1015 909 1146 980 oblatos
1169 923 1205 980 et
1225 909 1399 1003 de3triuio

386 1024 575 1109 correptos.
623 1010 729 1105 Atqui
750 1008 927 1079 mulierem
950 1010 1039 1079 hanc
1064 1007 1120 1081 isba
1139 1004 1312 1095 alffinus,
1343 1024 1399 1081 te·

383 1109 454 1183 sinti
470 1112 546 1182 lunt
560 1110 614 1197 hi,
640 1132 726 1207 quos
742 1108 924 1195 audiuislis,
958 1124 995 1179 et
1010 1110 1046 1179 hi
1061 1111 1306 1200 [Nicodemus,
1327 1114 1399 1183 Xe-

345 1226 348 1231 '
383 1212 500 1285 nocles
523 1226 558 1281 et
579 1224 654 1283 tota
676 1234 797 1281 eorum
811 1206 933 1297 fassio]
947 1206 1013 1281 cufi
1029 1235 1101 1281 non
1116 1209 1192 1281 lunt
1207 1224 1329 1281 contra
1342 1225 1398 1281 te·

377 1310 480 1383 ‚stium
495 1310 632 1383 illorum
646 1334 852 1407 quemquam
865 1305 1033 1381 cilionem
1047 1308 1193 1381 salsitatis
1205 1308 1399 1399 instituere,

381 1412 508 1486 nedum
531 1426 569 1481 vt
586 1437 645 1483 eos
660 1424 889 1501 coarguerent.
940 1416 1026 1488 Vera
1045 1436 1101 1481 ine
1117 1412 1199 1481 haec
1212 1407 1399 1500 affirmare,

382 1536 453 1611 quo
476 1508 619 1599 constet,
649 1513 753 1581 recita
771 1526 812 1580 tu
831 1510 896 1580 illis
922 1510 990 1583 hoc
1009 1508 1237 1583 tessimonium
1250 1516 1396 1589 iterum.

168 1682 170 1689 ,
304 1608 308 1616 ’
386 1612 605 1709 Dsttmoninm.
651 1610 715 1697 ,Sed
729 1610 833 1682 etilla
843 1612 949 1681 recita
969 1608 1158 1685 testimonia
1173 1612 1215 1681 de
1229 1611 1281 1683 fre
1306 1636 1399 1683 uen-

381 1713 472 1785 tibus
505 1712 647 1783 marium
675 1713 789 1782 omnis
811 1714 943 1805 generis
963 1728 1044 1783 cum
1066 1712 1124 1783 illa
1147 1638 1399 1805 congrelbbus,

380 1838 452 1913 quo
469 1810 612 1899 constet,
642 1827 678 1883 et
690 1814 904 1882 meretricem
925 1811 1017 1883 illam
1031 1808 1146 1899 fuisse,
1174 1812 1305 1883 volenti
1319 1817 1398 1887 eui·

320 1948 328 1959 ·
378 1938 447 2015 que
470 1914 672 2006 obnoxiam,
704 1924 739 1983 et
757 1916 929 1985 neminem
952 1912 1091 1983 illorum
1111 1915 1266 1986 omnium
1279 1914 1395 1987 alium

244 2082 248 2088 ,
379 2040 420 2087 ox
462 2040 500 2086 ca
537 2012 662 2086 liberos
699 2012 852 2104 legitimo
891 2012 997 2085 modo
1038 2008 1219 2111 suscepisse.
1290 2016 1397 2085 Reci-

331 2110 517 2212 ,ta'ipsts
597 2111 787 2208 Dstimooio.
859 2108 1050 2205 Meminisse
1070 2116 1138 2187 iam
1159 2138 1220 2185 voa
1244 2128 1397 2212 oportet

244 2230 247 2235 “
399 2230 462 2287 uot
485 2236 629 2286 nurnero
654 2214 811 2284 homines
832 2211 1071 2307 enimvobis,
1100 2213 1248 2307 iudices,
1266 2231 1395 2287 conte-

420 2320 445 2386 ti
458 2312 537 2401 sint,
561 2338 663 2413 quam
678 2313 855 2386 mulierem
871 2315 927 2385 hic
940 2314 1195 2405 [Nicodemus]
1209 2317 1393 2389 auunculo

371 2415 486 2489 nostro
502 2440 520 2485 a
534 2412 776 2511 sedesponsam
790 2428 827 2484 et
839 2414 1004 2486 elocutam
1017 2416 1062 2486 ait
1074 2412 1189 2502 fuisse,
1213 2438 1287 2487 eam
1302 2441 1393 2513 pro·

370 2516 528 2591 ssibulum
543 2516 695 2608 vulgare,
718 2527 753 2586 et
766 2515 802 2586 in
818 2512 981 2610 potestate
1003 2518 1169 2614 cuiusque
1187 2516 1393 2594 mercedem

369 2618 479 2690 dantis
502 2611 631 2702 ¹suisse3
671 2609 859 2686 meminisse
886 2619 972 2688 item
1000 2617 1098 2711 hoc,
1131 2615 1281 2690 conslare
1299 2619 1393 2708 hm,

368 2721 526 2795 omnium
539 2715 691 2788 'aliorum
711 2717 840 2786 nemini
869 2741 944 2789 eam
964 2715 1157 2815 desponsam
1182 2714 1306 2805 fuisse,
1343 2735 1390 2792 et

368 2845 450 2894 cum
472 2819 536 2890 alio
562 2810 658 2888 nullo
682 2838 761 2886 cum
776 2815 973 2889 conditione
985 2804 1391 2892 matris'familiashone·

330 2949 332 2953 ’
367 2917 434 2994 stae
446 2933 481 2992 et
494 2917 663 3012 legitimae
676 2915 736 2987 sub
752 2914 875 2987 eodem
889 2914 982 2988 tesso
996 2915 1207 2991 cohabitasse.
1247 2925 1390 2997 Verum

368 3045 431 3116 age
444 3019 521 3092 alias
536 3040 675 3114 quoque
690 3015 799 3087 causas
812 3020 1037 3105 excutiamus,
1060 3019 1148 3090 vnde
1164 3018 1305 3117 suspicio
1323 3047 1391 3096 na·

364 3121 484 3207 leatus,
505 3115 576 3189 fien'
593 3132 706 3188 tamen
721 3111 868 3214 puniisse
882 3131 919 3188 vt
929 3121 1095 3192 eiusmodi
1106 3121 1237 3207 mulier,
1262 3145 1389 3218 quam·

279 3295 281 3300 ,
363 3225 417 3296 uis
439 3223 486 3292 ita
500 3216 660 3316 probrosa
678 3229 714 3288 et
729 3219 973 3308 contaminata,
1000 3223 1065 3294 rite
1080 3235 1195 3294 nmen
1207 3219 1388 3294 nihilomi-

358 3335 428 3398 'nus
442 3319 719 3417 desponderetur,
741 3314 894 3392 {inostro
915 3345 1055 3419 quoque
1076 3322 1248 3394 auunculo
1266 3328 1388 3398 confi..

361 3417 457 3520 gilles
479 3421 543 3492 hac
562 3423 597 3492 in
613 3445 650 3490 re
666 3419 858 3490 humanum
871 3421 953 3517 quid
968 3424 1047 3518 pati.
1095 3421 1165 3493 Vsu
1181 3425 1272 3496 enim
1284 3448 1381 3497 non·

360 3545 540 3622 nunquam
559 3522 669 3606 venit,
696 3533 734 3590 vt
753 3517 998 3607 adolescentes,
1025 3547 1106 3594 cum
1120 3523 1238 3594 talium
1249 3524 1379 3596 mulie·

242 3653 247 3673 ·
360 3649 439 3698 rum
462 3645 577 3694 unere
596 3637 666 3691 tarn
688 3619 803 3691 insano
822 3617 1024 3710 emissent,
1056 3636 1095 3695 vt
1112 3622 1154 3696 ab
1170 3649 1285 3696 earum
1297 3647 1375 3697 arn-

358 3724 512 3826 plexibus
528 3719 627 3793 uuelli
643 3733 679 3790 et
690 3720 957 3794 incontinentiae
976 3721 1052 3796 suae
1070 3721 1213 3796 modum
1225 3727 1273 3796 im
1299 3750 1377 3799 em·

319 3839 322 3848 '
355 3847 396 3901 re
413 3825 612 3922 nequirent,
641 3817 688 3890 sui
703 3819 793 3892 haud
808 3839 1004 3920 compotes,
1039 3849 1058 3894 a
1080 3819 1258 3898 stultitiaet
1329 3851 1372 3898 o-

353 3949 394 4001 re
421 3925 480 3998 luo
508 3919 766 4022 impellerentur
794 3919 835 3990 ad
862 3923 1073 4019 peccandum
1093 3926 1128 3996 in
1148 3925 1207 3998 lua
1225 3929 1372 4026 proptia

240 4025 243 4032 ’
354 4027 537 4099 commoda
551 4033 586 4094 et
599 4021 638 4092 ad
654 4020 924 4094 consciscendum
938 4023 1116 4122 famaeque
1128 4025 1205 4099 suae
1218 4030 1374 4124 ignomi-

352 4129 460 4216 niam,
482 4121 731 4200 etreilamiliari
743 4121 1212 4231 labem-baudurepatabilem
1256 4130 1370 4330 im:
1415 4202 1416 4207 Ν
