3075 5150
217 687 222 701 ¹
343 575 415 671 376
535 558 1021 699 ›isaurx‘ourrror
1068 521 1137 649 ur
1275 589 1367 656 na

336 774 442 855 ‚mare
463 762 648 845 tonantur,
675 758 846 854 armisque
867 746 1112 830 calumniarum
1134 768 1170 828 et
1182 749 1373 848 curiliatio·

267 851 299 911 s
352 878 437 929 num
453 875 525 925 rem
541 868 682 949 gerunt,
716 862 821 929 etiam
843 858 926 931 haec
943 880 1033 929 arma
1052 855 1129 956 lpse
1145 857 1277 952 eripere
1291 873 1374 922 uer·
1421 889 1422 892 ¹

353 956 476 1052 bisque
501 951 698 1029 b'reuiffimis
721 960 904 1031 retundere
924 963 1027 1032 iuuat.
1084 962 1241 1029 Fetentes
1260 954 1378 1045 igitur

354 1058 494 1128 aedilem
511 1081 532 1127 a·
546 1054 736 1153 Cleonymo
753 1054 943 1134 amellitum
959 1055 1039 1141 else,
1064 1058 1254 1139 causantur,
1277 1053 1316 1123 id
1327 1074 1379 1121 eo

353 1153 467 1231 secisse
485 1158 727 1254 Cleonymum,
748 1176 785 1231 vt
801 1158 1038 1233 testamentum
1053 1160 1153 1246 illud,
1177 1152 1382 1255 quoscripti

358 1258 499 1331 heredes
516 1258 581 1361 ‘ipsi
604 1256 726 1348 essent,
759 1254 829 1332 non
852 1251 1069 1347 rescinderet,
1097 1260 1154 1332 sed
1175 1258 1385 1348 corrigeret»

360 1359 650 1463 donationemque
666 1360 724 1433 fibi
738 1362 907 1434 decretam
921 1361 1147 1434 confirmaret.
1194 1362 1268 1450 Ego
1288 1376 1385 1425 vero

360 1484 423 1533 vos
438 1468 604 1557 reputare,
624 1462 761 1551 iudices,
776 1464 951 1559 vobiscum
965 1462 1042 1561 ipsis
1057 1463 1160 1534 velim
1174 1474 1277 1556 atque
1290 1456 1389 1527 arbi·
1421 1473 1423 1479 “

359 1563 455 1645 trari,
478 1576 591 1635 rtrum
604 1564 792 1635 credibilius
807 1563 862 1652 sit,
886 1568 1132 1661 Cleonymum,
1156 1576 1226 1660 quo
1239 1558 1391 1653 'tempo-

363 1686 402 1735 re
425 1686 487 1733 nos
509 1666 643 1735 caritate
668 1664 796 1737 summa
815 1664 1088 1765 prosequeretur,
1114 1690 1157 1735 eo
1174 1652 1319 1735 voluisse
1335 1674 1394 1725 te·

365 1760 566 1835 {lamentum
590 1789 650 1862 per
670 1767 873 1839 iracundiam
897 1771 932 1839 in
960 1768 1113 1840 fraudem
1134 1760 1283 1836 nostram
1304 1758 1393 1829 scri·
1421 1818 1423 1825 .

364 1877 463 1963 ptum
479 1864 680 1955 rescindere,
701 1892 743 1939 an
760 1868 793 1940 id
807 1855 923 1961 apide,
946 1894 1017 1967 quo
1032 1892 1096 1941 nos
1108 1867 1208 1940 bonis
1227 1861 1297 1933 suis
1310 1861 1393 1931 hoe

315 2012 318 2017 -
364 1968 489 2036 certius
502 1974 605 2063 atque
619 1964 871 2061 irrefragabilius
912 1966 1045 2043 riuaret.
1092 1966 1225 2063 Reliqui
1235 1960 1395 2059 quidem

247 2138 257 2153 ,
367 2064 543 2152 homines,
567 2066 588 2137 li
599 2094 664 2167 qua
677 2072 711 2141 in
727 2096 764 2140 re
779 1994 976 2143 melleos
990 2089 1052 2168 per
1065 2066 1271 2143 iracundiam
1283 2058 1395 2132 laeso·

367 2168 454 2254 rint,
482 2172 692 2266 poenitentia
715 2166 933 2269 postmodum
955 2168 1063 2260 dusti,
1093 2188 1243 2240 errorem
1264 2186 1394 2234 emen·

370 2266 467 2354 dant,
499 2284 601 2369 atque
624 2266 694 2343 atla
714 2268 774 2370 ipfi
798 2270 852 2343 sua
868 2277 1064 2369 antiquant3
1089 2273 1219 2342 bivero
1235 2264 1397 2357 cleony-

368 2390 465 2440 mum
488 2374 600 2460 aiunt,
628 2396 697 2470 quo
717 2388 874 2470 tempore
896 2372 1003 2445 lludio
1026 2400 1090 2445 nos
1114 2365 1399 2471 prosequebatur

369 2466 584 2559 calidissimo,
621 2489 664 2561 e'o
688 2472 759 2572 ipso
781 2472 1017 2547 testamentum
1046 2469 1106 2545 ille
1127 2466 1397 2548 confirmatum,

369 2593 432 2666 per
448 2572 651 2647 iracundiam
666 2578 702 2647 in
716 2577 880 2648 damnum
895 2574 1046 2648 nostrum
1056 2576 1228 2673 scriptum·
1279 2565 1397 2650 QUOd

369 2669 477 2768 ipsum
496 2673 617 2746 etiamsi
635 2703 697 2748 nos
713 2678 913 2772 largiremur
927 2703 1044 2749 verum
1060 2673 1145 2764 else,
1174 2689 1209 2743 et
1221 2693 1286 2741 vos
1302 2693 1399 2766 quo·

372 2776 1400 2872 quecrederetishisaientibus,voatamenvnaidquoquere·

370 2879 491 2971 putare
515 2890 707 2973 oporteret,
728 2881 793 2950 hos
816 2883 850 2952 id
872 2876 1032 2953 iallantes
1054 2879 1287 2971 Cleonymum
1302 2869 1400 2942 sum·

263 3015 275 3042 ι
371 2975 437 3060 mi,
465 2978 523 3072 qui
546 2979 684 3070 cogitari
702 2979 843 3076 potest,
872 2980 996 3052 luroris
1010 2977 1208 3052 insimulare.
1258 2973 1397 3068 Ecquis

372 3077 465 3145 enim
481 3079 586 3148 maior
604 3087 640 3149 et
652 3083 802 3152 atrocior
815 3079 881 3152 else
895 3078 994 3178 possit
1007 3081 1119 3166 sutor,
1145 3099 1258 3176 quam,
1275 3071 1400 3144 fitum

372 3173 527 3272 quidem,
561 3204 631 3276 quo
653 3194 811 3278 tempore
834 3180 1018 3255 simultates
1042 3205 1122 3253 cum
1139 3179 1239 3249 Dinia
1253 3197 1399 3246 exerce-

371 3271 448 3365 bat«,
472 3273 621 3350 nostrum
636 3283 671 3351 in
681 3279 846 3368 ¹damnum
859 3280 1095 3355 testamentum
1109 3272 1291 3377 scripfill'et,
1315 3299 1397 3372 quo

326 3405 330 3422 ¹
370 3379 445 3448 nori
465 3381 640 3451 inimicum
660 3382 750 3456 vltus
774 3380 872 3467 esset,
898 3383 953 3455 sed
974 3411 1037 3457 nos
1052 3377 1206 3465 laesisset3
1239 3374 1398 3477 postmo-

374 3477 457 3549 dum
474 3497 607 3576 autem,
631 3481 761 3553 tametsi
779 3511 842 3557 nos
857 3490 892 3558 in
906 3483 997 3574 finu,
1020 3500 1122 3583 atque
1134 3487 1171 3553 in
1179 3480 1295 3553 oculis
1309 3502 1397 3574 pro·

374 3581 561 3678 pemodum
583 3577 747 3677 gestasset,
776 3599 891 3659 tamen
913 3585 1106 3658 hereditatis
1131 3585 1208 3656 suae
1228 3578 1398 3663 essonca

278 3691 283 3698 '
371 3677 406 3750 id
432 3683 525 3778 quod
544 3684 579 3752 hi
603 3685 714 3769 aiunt,
742 3711 805 3757 nos
820 3687 986 3759 declarare
999 3682 1173 3780 voluisset,
1203 3683 1263 3781 qui
1279 3684 1396 3754 eiusc
1421 3684 1423 3695 '

373 3777 476 3852 fratre
499 3799 642 3878 nepotes
666 3781 836 3860 essemus?
885 3790 1028 3885 Ecquis,
1056 3814 1079 3859 o
1101 3788 1246 3873 iudices,
1278 3781 1396 3853 homo

370 3878 462 3954 telle
478 3882 614 3980 sapiens,
641 3887 682 3957 de
699 3887 982 3987 propinquillimia
1000 3903 1071 3961 tam
1085 3891 1201 3988 iniqua
1220 3882 1400 3967 (imit,

373 3983 553 4082 modisque
578 4013 736 4082 argaeos
763 4007 876 4062 vtatur
891 4005 960 4061 tam
977 3989 1271 4088 repugnantibus?
1321 3987 1396 4054 Ve-

246 4119 251 4128 ·
371 4091 625 4191 rumenimuero
643 4110 704 4184 per
718 4091 778 4176 has
793 4090 876 4188 ipsae
889 4091 1115 4166 causationum
1135 4089 1329 4182 frigidarum
1355 4099 1397 4155 et
1421 4137 1423 4140 >

263 4235 264 4240 =
371 4188 524 4262 inanium
538 4189 724 4290 praestigias
738 4191 875 4267 facilem
889 4193 1002 4284 vobis,
1025 4198 1204 4281 oiudicea,
1233 4192 1336 4265 huius
1354 4187 1395 4256 li·
