3075 5150
110 381 340 506 ,τ’
410 373 487 439 τ’

127 564 248 658 arna
304 546 1036 680 nnrslraucrarurneorrard
1084 580 1167 660 ⁴97
1276 582 1288 636 ·,

1310 526 1323 564 Ι

127 719 457 812 domumducendae
467 755 606 838 petere,
620 753 724 836 atque
740 761 880 834 operam
889 737 967 812 dare
977 739 1156 824 vteafibia
1173 792 1179 799 -
1271 719 1278 728 ι

124 839 559 929 iudicibusadiudicaretur.
585 839 676 922 Quid
685 841 785 910 tum?
803 839 919 912 Nehis
930 837 1155 940 ipfiaquidem

125 935 274 1013 licau‘iset
290 943 404 1012 matris
419 967 514 1012 meae
529 941 619 1014 bona
633 940 686 1012 alii
702 939 839 1024 donare,
854 942 895 1014 de
903 922 988 1014 iiaue
1000 969 1061 1035 pro
1070 947 1155 1020 arbi·

123 1042 508 1116 tratusuoconstituere.
523 1046 690 1116 chenim
700 1069 768 1113 nnn
779 1041 863 1126 finit,
873 1046 1087 1134 interdicens,
1097 1047 1156 1125 hn-

123 1169 255 1216 norum
274 1145 441 1230 mulieris,
467 1145 523 1218 cui
541 1141 684 1243 potestas
698 1143 893 1216 hereditatis
911 1143 966 1227 fit,
988 1146 1156 1231 arbitrum

122 1271 340 1344 quemquam
360 1248 462 1339 aliurn
479 1241 562 1332 effe,
586 1244 1015 1346 praeterquamfilioseiua,
1037 1247 1153 1324 secun·

123 1347 213 1422 dum
230 1376 248 1422 a
263 1347 443 1448 pubertate
464 1373 591 1420 annum
608 1341 766 1442 egreffos.
793 1349 922 1420 Mirum
932 1351 1046 1446 itaque
1055 1345 1110 1440 ht,
1127 1350 1153 1428 {i

122 1453 180 1520 cui
198 1454 323 1522 marito
333 1451 449 1521 matris
466 1473 569 1531 meae,
585 1445 654 1520 sura
670 1445 944 1536 ishristomenes,
971 1450 1153 1552 fiueApal-
1289 1458 1294 1462 ’

122 1549 272 1624 dodorus
280 1547 404 1632 fuisset,
426 1575 497 1624 non
513 1547 654 1624 licuiffet
670 1549 822 1622 debonis
838 1555 954 1624 matris
964 1576 1028 1650 pro
1038 1552 1151 1631 lubitu
1201 1628 1205 1645 ,

124 1651 330 1751 disponere,
352 1652 462 1725 eidem
471 1669 584 1724 tamen
601 1652 734 1736 liceret,
758 1653 815 1752 ¹vbi
829 1679 903 1724 eam
920 1654 971 1726 alii
987 1656 1023 1727 in
1040 1659 1152 1745 matri·

126 1757 292 1828 monium
308 1749 481 1841 elocaiiet,
514 1758 547 1826 in
572 1757 644 1826 eius
665 1752 755 1828 bona
777 1751 887 1826 filium
907 1754 1005 1846 suum
1018 1781 1083 1856 pro
1100 1757 1156 1834 adr
1263 1749 1267 1756 ¹

125 1871 253 1956 optato
280 1859 480 1929 immittere!
532 1859 597 1926 Rea
623 1873 716 1928 atrox
741 1857 858 1954 vtique
881 1883 921 1928 ea
943 1857 1034 1929 foret
1049 1875 1154 1958 atque

125 1959 280 2051 indigna.
332 1963 375 2028 Et
391 1983 434 2030 ne
451 1960 536 2056 patri
554 1955 691 2054 quidem
709 1959 824 2030 matris
841 1958 937 2056 meae
952 1957 1106 2048 licuiffea
1127 1958 1153 2034 fi

125 2061 230 2160 prole
253 2055 397 2132 mascuia
421 2053 598 2146 caruisset,
632 2061 666 2130 in
693 2055 845 2130 fraudem
870 2057 957 2132 filiae
978 2051 1157 2136 testamen·
1243 2099 1249 2110 ·
1352 2087 1357 2096 ·
1419 2084 1420 2101 ¹

127 2179 208 2234 turn
225 2158 339 2232 facere
350 2187 360 2245 ;·
383 2159 435 2234 lex
450 2163 540 2232 enirn
559 2157 602 2230 fic
618 2161 736 2244 edicit,
755 2156 778 2230 sr
794 2164 850 2233 cui
866 2164 954 2260 patri
962 2187 1070 2236 mares
1082 2163 1154 2241 mri-

128 2263 150 2334 ii
165 2261 256 2350 tint,
281 2261 429 2337 eilicere
451 2263 541 2334 bona
564 2259 627 2347 sua,
652 2263 708 2332 cui
722 2261 819 2346 velit,
842 2262 973 2356 legare,
998 2262 1156 2340 dummo·
1207 2274 1212 2293 “

129 2366 174 2438 do
192 2369 241 2453 is,
269 2369 326 2436 cui
341 2363 447 2458 leget,
471 2361 572 2434 filiam
599 2387 748 2462 quoque*
760 2365 833 2436 eius
847 2366 882 2435 in
899 2353 1174 2462 matrirnoni'um‘

129 2466 258 2564 ducat3
298 2464 352 2538 aiii
375 2483 503 2552 autem,
537 2467 596 2564 qui
621 2489 733 2564 neque
760 2481 856 2562 pater
877 2461 936 2554 fit,
972 2491 1085 2566 neque
1108 2468 1156 2546 di-
1195 2549 1204 2574 x
1239 2539 1243 2544 ,

131 2594 237 2663 gnam
254 2566 428 2655 habuerit,
456 2592 559 2665 quam
584 2567 617 2639 in
642 2567 900 2641 matrimonium
921 2572 1081 2660 duceret,
1102 2566 1160 2645 sed

131 2668 356 2743 solummodo
380 2668 601 2741 consobrinus
623 2664 681 2755 fit,
708 2669 826 2743 licebit
840 2666 950 2743 filium
964 2671 1061 2744 suum
1075 2696 1160 2750 con·

134 2790 184 2845 tra
211 2796 324 2843 omne
343 2774 447 2843 iuret
466 2769 514 2841 sas
537 2774 572 2843 in
588 2772 659 2843 eius
681 2770 773 2846 hona
787 2772 997 2845 immittere?
1023 2768 1158 2848 ethaeo

134 2878 162 2945 ei
178 2868 257 2947 asta
275 2889 347 2945 rata
361 2887 396 2943 et
412 2872 562 2965 legitima
576 2872 701 2943 erunt?
725 2874 828 2943 Eccui
845 2866 991 2945 vestrum
1001 2876 1160 2949 omnium

133 2974 236 3049 istaec
252 2972 516 3073 probabuntur?
564 2974 635 3067 Ego
654 2970 812 3072 equidem
835 2972 903 3045 hoc
921 2971 1165 3049 certiffimata·
1207 3068 1212 3075 ¹

133 3104 224 3165 neo,
257 3101 372 3173 neque
395 3082 649 3161 Xenaenetum‚
688 3090 802 3172 neque
825 3075 930 3147 aliurn
951 3102 1163 3175 quamquam
1235 3142 1238 3148 .

135 3180 268 3251 docere
285 3172 396 3275 poise,
422 3178 644 3274 hereditatem
664 3176 752 3247 hanc
766 3175 808 3249 ad
829 3192 971 3249 matrem
989 3202 1100 3251 meam
1114 3176 1165 3251 nil
1250 3200 1264 3235 x

134 3284 328 3381 quicquam
346 3282 535 3377 pertinere,
561 3303 661 3375 quam
678 3280 709 3349 ei
724 3274 828 3351 frater
842 3280 1077 3353 Demochares
1089 3280 1165 3358 reli·

156 3388 225 3455 uit.
278 3378 405 3461 Quodfi
427 3396 543 3456 tamen
567 3378 787 3453 nihilominus
810 3380 1093 3455 contraaudeant
1115 3380 1168 3467 hi-
1268 3424 1284 3446 κ

134 3410 254 3567 dere,
285 3481 497 3555 hibera-illos
517 3498 551 3553 et
575 3481 686 3575 legem
706 3480 798 3552 illam
822 3477 949 3569 edere,
976 3481 1166 3557 secundum

127 3608 246 3687 poam
266 3578 405 3655 ranan
420 3582 598 3655 Aristarchi
614 3580 797 3679 [iunioris]
813 3580 1007 3681 adoptatio,
1029 3600 1066 3657 et
1085 3608 1168 3659 eum
1275 3630 1281 3636 -
1365 3634 1371 3639 -

128 3688 344 3775 inumbrare,
368 3690 426 3785 qui
444 3686 626 3783 adoptauit.
678 3691 840 3783 Aequum
863 3686 956 3757 eninr
969 3684 1002 3757 id
1016 3682 1072 3759 est.
1112 3694 1169 3757 At·
1293 3696 1298 3701 “

129 3796 131 3855 t
160 3794 198 3863 ui
217 3786 333 3887 probe
347 3790 445 3878 noui,
469 3812 529 3861 eos
544 3813 614 3859 non
631 3782 798 3873 faunos,
818 3811 932 3885 neque
948 3780 1173 3885 pudefacere.

130 3814 193 3968 ibe
213 3892 272 3961 hia
288 3890 423 3987 itaque,
448 3888 542 3987 quod
558 3886 725 3961 hereditas
739 3886 824 3960 haec
840 3888 940 3960 matri
958 3913 1053 3963 meae
1067 3890 1110 3963 de
1120 3892 1171 3961 iu·

131 3954 177 4123 ipe
194 4004 394 4087 competat,
416 4006 484 4064 eta
501 3992 670 4090 principio
687 3988 765 4061 inde
782 3992 855 4062 eiua
872 3987 990 4079 suerit,
1025 4006 1062 4064 et
1078 3986 1175 4087 quod

177 4112 256 4164 ater
271 4116 348 4163 mea
363 4118 424 4192 per
446 4090 615 4165 summum
640 4090 733 4164 nefas
757 4092 829 4163 eius
846 4090 1048 4189 usucapione
1062 4090 1103 4164 ab
1118 4092 1173 4166 hi·
1250 4090 1255 4098 ’

183 4193 280 4267 clusa
295 4189 356 4291 fit,
380 4195 525 4276 arbitror
540 4190 685 4269 mesatis
700 4186 895 4364 dispptaiie,
923 4206 1027 4291 atqua
1038 4190 1178 4295 planam
1248 4278 1253 4285 .

306 4344 308 4353 .
551 4310 576 4349 ⁶.
796 4319 807 4364 ι

1079 4306 1084 4313 “
1109 4296 1182 4368 eui·
1272 4304 1281 4316 '
