3075 5150
211 602 220 610 .
278 525 282 535 ‘
356 498 465 651 ¹450*
529 546 1172 670 rannonarrovrsvren
1231 513 1375 651 inno.

365 708 561 821 enimuero,
596 735 673 832 quia
694 720 767 805 fieri
789 725 929 832 nequit,
950 748 989 803 rt
1009 732 1201 832 haricuriam
1225 728 1379 821 reflando,

366 863 469 939 quarn
485 860 578 908 nuno
592 834 784 929 ingredior,
804 836 858 907 ius
873 830 1022 933 aequum
1037 837 1072 907 in
1089 831 1380 921 occulto'maneat,

230 954 254 963 ''
299 1026 300 1029 Ἴ
348 929 562 1043 “progressus
585 936 658 1009 sum
678 935 717 1007 od
741 960 820 1023 vos,
842 940 889 1009 ita
911 937 1014 1011 verba
1035 932 1203 1026 luiturus,
1224 954 1262 1011 vt
1282 951 1380 1009 totam

314 1060 337 1141 ᾖ
361 1068 444 1117 rem
466 1036 587 1135 gellam
611 1063 672 1111 voa
690 1036 851 1124 doceam3
896 1064 967 1136 quo
989 1036 1163 1111 aduersarii
1186 1066 1231 1111 ne
1244 1034 1381 1113 caullen·

276 1196 285 1215 r
313 1148 319 1191 '-
367 1160 446 1235 tur,
471 1134 613 1213 noluille
630 1166 693 1211 nus
714 1137 777 1211 fibi
799 1140 868 1213 hoc
891 1136 1032 1211 allionis
1057 1167 1184 1237 genere
1197 1140 1386 1218 satisfecere.

367 1244 513 1319 Docebo
531 1260 647 1315 autern
663 1266 734 1314 non
748 1242 818 1315 hoc
834 1241 1059 1328 solummodo,
1075 1243 1387 1345 Apollodonunhr·

329 1394 332 1406 ι
369 1346 549 1433 reditatenr
574 1346 728 1437 cognatis
753 1346 917 1443 proximis
942 1369 1015 1423 non
1038 1342 1230 1443 reliquille,
1247 1342 1386 1439 grauissi-

372 1453 438 1523 'mis
455 1442 717 1531 duflumcaufis,
736 1447 892 1545 quippen
904 1439 1027 1545 quibus
1038 1446 1155 1518 multis
1170 1442 1386 1519 infandisrno·

304 1550 306 1561 '
375 1551 425 1629 dis
444 1563 581 1620 vexatus
600 1563 636 1619 et
647 1546 753 1619 laesus
766 1544 897 1636 luisset,
915 1545 972 1618 sed
986 1544 1070 1619 illud
1085 1574 1227 1645 quoque
1250 1547 1388 1637 docebo,

376 1650 417 1725 ab
429 1646 641 1756 Apollodoro
654 1674 711 1720 me
725 1643 793 1721 esse
808 1646 915 1721 filium
930 1646 1149 1747 adoptatum,
1174 1655 1247 1722 iure
1262 1653 1390 1736 merito,

375 1756 506 1852 quippe
525 1752 583 1849 qui
600 1775 707 1848 nepos
725 1749 827 1849 ipfius
846 1749 994 1829 esorore
1015 1747 1141 1839 eslem',
1165 1768 1200 1825 et
1224 1752 1319 1849 quod
1339 1776 1390 1849 pa·

370 1864 489 1927 'rentes
510 1854 617 1924 rneiA
644 1850 838 1933 ollodorurn
861 1852 977 1923 multis
1002 1857 1202 1951 magnisque
1224 1851 1391 1927 beneficiio

233 1964 260 2045 ,¹
369 1952 435 2029 Abi
454 1876 709 2025 obstr-inrident.
761 1959 876 2037 Quare
890 1979 952 2025 ros
967 1980 1072 2047 rogo,
1099 1954 1245 2041 iudices,
1272 1958 1389 2027 viritim

326 2092 335 2125 e
374 2072 411 2129 et
426 2052 620 2149 voluer-sos,
643 2068 680 2125 vt
696 2081 794 2128 aures
814 2070 1018 2154 mentesque
1035 2057 1122 2128 milri
1141 2056 1330 2157 praebeatis
1346 2080 1392 2128 ae·

376 2184 458 2257 quas
483 2174 518 2228 et
533 2150 737 2243 beneuolas,
760 2172 797 2229 et
810 2157 867 2228 rbi
886 2182 946 2229 eos
969 2182 1156 2251 coarguero
1177 2162 1211 2231 in
1236 2158 1393 2232 heredita
1416 2183 1417 2222 1

369 2274 446 2331 ‘tem
463 2258 510 2329 nil
526 2257 568 2329 ad
584 2257 673 2356 ipsos
686 2260 919 2358 pertinentem
933 2256 1063 2331 summa
1085 2286 1165 2333 cunr
1185 2262 1394 2359 impudentia

308 2360 313 2373 '
373 2360 588 2453 inuolantes‚
610 2378 685 2431 turn
706 2361 808 2446 milri,
828 2386 895 2458 qua
907 2357 1048 2459 parest,
1070 2360 1286 2439 succurratis.
1329 2360 1417 2433 uit:

375 2460 480 2535 serem
496 2454 628 2548 autern,
654 2486 756 2559 quarn
773 2478 898 2559 potero
914 2460 1134 2559 breuisllnris,
1152 2456 1261 2536 ¹remo
1278 2466 1393 2563 princi·

276 2632 278 2640 .
376 2567 436 2666 pio
450 2562 530 2638 inde
544 2577 721 2662 repetens,
747 2589 834 2662 quae
858 2560 902 2636 fic
925 2562 1039 2639 habet.
1087 2568 1221 2640 Fratres
1243 2584 1342 2640 erant
1362 2563 1394 2638 li

316 2755 317 2763 ἵ
375 2681 445 2738 tres
469 2659 655 2760 germani,¹
679 2665 825 2751 iudices,
856 2667 1017 2764 Eupolis,
1050 2680 1086 2736 et
1106 2667 1326 2765 Thrasyllus,
1353 2682 1395 2740 at·

371 2779 445 2868 'que
460 2765 626 2852 Mneson,
659 2769 700 2837 ab
714 2766 835 2838 iisdem
849 2765 908 2838 sati
948 2767 1143 2870 arentibus3
1178 2773 1236 2868 qui
1256 2766 1394 2842 substan·

373 2871 478 2957 tiam,
501 2871 679 2962 ingentem
694 2894 713 2939 a
727 2885 824 2965 patre
842 2792 1008 2972 religant,
1032 2895 1113 2951 onnr
1133 2876 1225 2942 inter
1236 2871 1272 2944 se
1290 2871 1394 2944 sortiti

369 2965 499 3057 ellent,
520 2978 635 3059 (tanta
650 2985 763 3040 autern
778 2985 849 3040 erat
863 2967 935 3056 illa,
956 2985 994 3040 vt
1008 2995 1070 3042 voa
1091 2999 1152 3044 eos
1173 2974 1298 3066 dignos
1320 2997 1394 3046 een·

373 3069 507 3161 seretis,
543 3073 602 3169 qui
624 3095 766 3142 munere
790 3069 928 3169 publica
947 3069 1119 3145 sumtuosa
1142 3074 1309 3165 ederent)
1328 3074 1394 3148 duo

332 3207 348 3234 r·
374 3199 496 3246 eorum
512 3169 569 3244 sub
585 3169 676 3244 idern
691 3187 829 3270 tempus
839 3174 907 3242 vita
919 3172 1144 3263 excedebant;
1168 3175 1318 3262 Mneson
1328 3177 1396 3275 qui·

168 3298 171 3308 ·
242 3317 243 3320 =
374 3273 510 3348 demin
533 3271 640 3361 Vrbe,
667 3270 870 3372 fineProle,
894 3277 1013 3372 utqui
1036 3301 1080 3348 ne
1103 3278 1396 3376 uxoremquidern

328 3423 330 3428 .
372 3372 534 3459 duxisset3
565 3373 762 3471 Thrasyllus
790 3389 904 3446 autem
927 3377 963 3445 in
982 3379 1107 3464 Sicilia,
1132 3403 1202 3478 quo
1226 3379 1396 3479 susceptae

372 3475 578 3574 expeditioni
602 3492 640 3546 vt
658 3501 740 3555 cum
755 3477 902 3572 irnperio
921 3478 1096 3552 trierarchi
1116 3475 1312 3570 interesset,
1330 3507 1395 3554 rna

337 3613 340 3622 ·
369 3591 453 3652 'curn
473 3578 587 3650 multis
601 3577 670 3650 aliis
685 3573 834 3651 deletlus
849 3577 979 3664 fuerat3
1002 3578 1120 3660 relisto
1142 3580 1231 3673 silio,
1252 3583 1395 3683 Apollo-

326 3717 330 3723 ·
368 3671 474 3768 doro,
501 3675 625 3750 eodem
639 3679 717 3766 illo,
739 3682 800 3778 qui
817 3703 873 3751 me
889 3703 1000 3778 nuper
1014 3681 1075 3756 fibi
1085 3681 1195 3757 filium
1204 3674 1395 3785 adoptauit.
1414 3678 1415 3685 '

365 3782 636 3879 Eupolis'itaque
648 3780 690 3850 de
708 3783 819 3852 tribus
833 3779 993 3852 fratribus
1010 3784 1099 3860 solus
1120 3783 1276 3876 relistus,
1302 3785 1394 3859 haud

249 3963 252 3972 Ι
266 3868 277 3892 l
361 3885 541 3975 indignum
551 3879 590 3950 se
603 3881 706 3972 duxit,
719 3899 756 3952 vt
772 3883 945 3956 bonorum
962 3887 1177 3986 Apollodoro
1191 3888 1392 3960 debitorum

315 4035 316 4038 ,
361 3999 494 4084 partem
510 3981 602 4052 haud
618 3986 773 4074 exiguam
796 3987 1045 4063 interuerteret.
1093 3990 1267 4066 Mnelonis
1295 3989 1391 4066 e'nim

222 4170 226 4182 s
360 4085 601 4170 hereditatem,
633 4087 730 4170 culus
752 4083 888 4156 semiffis
910 4090 1126 4183 Apollodoro
1153 4092 1391 4190 competebat,

353 4186 414 4262 soli
427 4183 486 4260 fibi
501 4199 609 4258 totam
624 4189 803 4280 arrogeuit,
826 4202 1003 4286 pnetextu
1018 4192 1104 4281 rsus,
1127 4215 1203 4266 eun
1216 4192 1276 4267 fibi
1292 4195 1387 4268 asra-

1327 4309 1383 4368 tre
