3075 5150
155 644 241 716 34¹-
362 618 563 709 ereren
604 576 995 691 urreorrara'
1111 636 1186 723 387
1265 645 1309 718 ,¹
1390 727 1396 738 Ι

158 802 342 877 hilominus
362 814 477 871 tamen
493 796 732 897 Nicodamus,
755 800 847 872 aiens
869 796 1029 874 sororem·
1041 830 1061 875 a
1075 802 1107 877 se
1123 806 1187 891 de·

157 902 324 1003 sponsam,
345 900 399 973 his
428 901 595 985 moribus,
625 902 833 991 indotatam,
871 905 945 975 viro
967 902 1182 983 substantiam

154 1006 294 1077 habenti
308 998 417 1074 tribus
433 1002 567 1073 talentis
584 1000 878 1103 aequiparabilem,
896 1006 942 1075 ait
951 1030 1024 1077 eam
1040 1006 1182 1105 despon.

154 1102 312 1178 dislevno
329 1095 464 1179 trintum
481 1128 561 1175 cum
577 1102 685 1191 teste,
700 1118 735 1176 et
751 1102 821 1176 fine
835 1098 1118 1203 pastinandam,
1141 1128 1178 1187 et

152 1208 315 1281 auunculi
329 1208 446 1303 Pyrrhi
463 1208 557 1279 aiunt
576 1202 606 1275 se
615 1200 802 1281 interfuisse
817 1204 1022 1305 sponsalibus
1035 1214 1088 1307 iis,
1105 1216 1180 1313 qui·

153 1308 216 1381 bus
237 1309 315 1380 suus
333 1334 372 1379 ex
390 1306 503 1379 sorore
520 1332 628 1405 nepos
644 1308 823 1379 mulierem
838 1308 941 1381 talem
958 1310 1019 1383 fibi
1033 1312 1179 1389 curasset

150 1412 338 1483 indotatam
354 1406 561 1507 desponderi
610 1408 702 1481 Proh
726 1406 991 1507 impudentiam!
1017 1416 1109 1511 proh
1125 1416 1178 1491 'es-

150 1512 282 1588 srenem
301 1510 486 1582 mentiendi
501 1510 691 1584 licentiam!
741 1514 871 1583 Verum
894 1538 965 1584 non
983 1514 1099 1589 insistit
1121 1518 1179 1595 laic

151 1640 273 1686 eorum
290 1612 436 1685 audacia.
486 1608 614 1711 Testati
637 1624 813 1709 praeterea
830 1638 970 1711 quoque
993 1614 1072 1689 sunt
1087 1620 1124 1691 hi
1140 1626 1177 1695 ii.

148 1716 228 1787 dem
244 1716 365 1811 Pyrrhi
378 1712 557 1799 auunculi,
580 1710 611 1783 se
627 1714 811 1785 aduocatos
826 1740 844 1788 a
859 1731 989 1815 nepote
1009 1720 1177 1797 intersuis

149 1808 210 1904 se,
223 1842 306 1889 cum
324 1816 380 1887 ille
396 1816 485 1885 diem
498 1842 517 1885 a
532 1828 607 1885 nata
626 1810 692 1899 lilia
713 1812 886 1887 decimum
908 1814 1032 1891 sellum
1051 1840 1178 1917 ageret,

148 1924 250 2017 eique
267 1944 395 1989 nomen
413 1920 618 2015 imponeret.
666 1918 735 1987 Hic
749 1916 817 1987 loci
833 1922 1013 1991 continere
1029 1949 1086 1995 me
1103 1952 1177 2005 non

148 2016 305 2119 possum,
330 2018 472 2103 iudices,
497 2020 683 2117 quominus
699 2017 841 2115 prodam
860 2046 915 2093 me
929 2020 1175 2115 grauissimein·

150 2124 298 2215 dignari,
326 2119 420 2217 quod
443 2122 581 2191 maritus
599 2116 738 2216 quidem
763 2120 865 2191 huius
882 2121 1083 2219 p‘raetensae
1099 2131 1185 2225 Pyr:
1230 2180 1243 2191 .
1320 2164 1324 2176 ·

150 2226 204 2295 rhi
218 2221 310 2294 filiae
334 2220 541 2316 [Xenocles]
570 2222 679 2291 vxoris
701 2220 781 2291 loco
798 2240 901 2321 atque
922 2228 1065 2299 nomine
1078 2229 1178 2309 litem

150 2327 239 2397 hanc
252 2322 440 2396 'instituens
464 2320 507 2393 de
528 2322 718 2393 hereditate
740 2323 876 2417 Pyrrhi,
897 2328 1002 2398 veluti
1018 2328 1060 2401 de
1076 2336 1177 2429 patri·

151 2430 270 2498 monio
288 2428 418 2509 uxoris,
439 2424 579 2519 (Pyrrhi
594 2426 686 2494 enim
702 2420 805 2495 filiam
821 2425 877 2497 illa
891 2426 938 2514 se,
962 2430 1055 2527 quod
1072 2416 1184 2513 toties

152 2528 237 2614 dico,
259 2522 380 2620 instat)
403 2529 439 2600 in
454 2524 580 2614 libello,
601 2550 705 2625 quem
718 2526 872 2599 exhibuit
885 2532 1085 2626 petitorium
1096 2560 1178 2610 eun·

152 2629 228 2700 dem
250 2646 355 2728 atque
376 2625 637 2714 accusatorium,
666 2630 777 2700 vxoris
799 2626 876 2700 suae
903 2632 1017 2704 Philae
1046 2661 1177 2714 nornen

153 2733 312 2835 ediderit,
338 2731 536 2826 Philamque
560 2731 684 2802 curarit
706 2733 741 2801 in
764 2729 893 2802 tabulas
913 2733 1068 2832 publicas
1092 2737 1179 2812 inse·

154 2837 199 2918 ri,
224 2831 389 2904 auunculi
406 2847 519 2914 autem
535 2831 669 2928 Pyrrhi,
697 2834 757 2928 qui
773 2829 907 2905 decimo
932 2835 973 2907 ab
996 2836 1085 2910 illius
1103 2832 1188 2914 mul

152 2935 242 3006 lieris
261 2935 442 3006 natiuitate
464 2933 518 3004 die
540 2932 635 3003 sacris
657 2931 734 3033 ideo
757 2929 850 3005 fastis
875 2939 1094 3036 nominisque
1117 2943 1180 3017 im·

151 3035 309 3134 ponendi
331 3037 411 3106 ritui
434 3033 465 3105 sa
487 3033 583 3114 aiunt
604 3029 806 3120 interfuisse,
832 3033 1037 3126 tellatilint,
1061 3068 1138 3114 eam
1160 3071 1182 3120 a

151 3157 249 3234 patre
272 3164 314 3208 ex
337 3139 431 3208 auiae
453 3139 594 3207 nomine
614 3129 809 3208 ‘Clearetam
839 3133 1043 3236 appellatam
1075 3139 1182 3244 soille,¹
1228 3141 1232 3151 ’

152 3243 307 3314 Cleareta
323 3239 414 3310 enim
433 3253 539 3308 mater
555 3238 674 3334 Pyrrhi
697 3235 941 3334 appellabatur.
989 3246 1103 3318 Miror
1122 3250 1184 3321 ita·
1194 3275 1209 3289 ·“

151 3367 238 3440 que,
263 3343 325 3438 qui
344 3333 470 3410 tatium
487 3335 545 3434 ht,
569 3353 606 3408 vt
622 3339 782 3432 maritus,
808 3336 968 3414 ottanum
989 3345 1055 3417 iam
1071 3349 1107 3418 in
1123 3375 1182 3424 an·

151 3469 239 3514 num
256 3447 399 3513 vxdrem
414 3440 508 3511 dorni
523 3433 672 3524 habens,
700 3465 820 3512 verum
837 3443 909 3514 eius
930 3469 1059 3520 nomen
1081 3450 1182 3544 igno·
1241 3476 1247 3486 ·

150 3549 252 3632 rarit,
278 3558 316 3614 et
331 3567 444 3640 neque
459 3567 477 3613 r
492 3531 629 3612 tellibus
649 3539 712 3612 suis
726 3540 761 3611 id
774 3557 853 3613 ante
876 3543 971 3616 hunc
992 3545 1082 3621 diem
1099 3549 1182 3624 didi·
1286 3621 1291 3627 .

153 3651 257 3734 cerit,
282 3669 398 3743 neque
414 3643 526 3716 socrus
541 3645 571 3713 ei
587 3640 673 3713 filiae
687 3639 762 3714 suae
777 3667 905 3716 nomen
919 3649 1008 3720 intra
1023 3667 1093 3723 tarn
1108 3651 1184 3726 lon.

152 3753 331 3845 ginquum
350 3743 496 3843 tempus
507 3743 711 3844 prodiderit,
735 3769 849 3842 neque
863 3745 978 3820 socrus
995 3749 1110 3848 frater,
1127 3755 1185 3827 hic

153 3849 224 3948 ipl'e
244 3845 481 3932 Nicodamus,
507 3845 561 3917 sed
577 3871 641 3943 pro
660 3847 753 3916 auiae
769 3851 928 3937 nomine,
954 3847 1110 3926 fireuera
1123 3881 1185 3927 no·
1268 3909 1272 3914 -

155 3977 241 4022 men
264 3951 363 4021 auiae
387 3949 522 4020 mulieri
542 3947 608 4017 suit
629 3971 778 4044 unquam
802 3947 1017 4048 impositum,
1045 3960 1187 4028 maritus

156 4055 254 4124 vrori
269 4049 347 4122 suae
363 4075 493 4121 nornen
511 4047 624 4118 Philae
640 4049 763 4118 curarit
778 4051 814 4120 in
827 4051 951 4124 tabulis
958 4055 1102 4152 publicis
1113 4055 1188 4128 scri·
1265 4143 1270 4149 .

156 4151 210 4240 bi,
238 4153 346 4250 idque
361 4154 394 4222 in
411 4151 588 4222 sortitione
603 4151 670 4220 litis
685 4147 786 4247 super
801 4151 989 4226 hereditate
1011 4153 1189 4231 bonorum

158 4277 305 4348 eorum,
326 4279 414 4354 quae
431 4278 516 4328 vxor
530 4253 602 4326 eius
618 4243 811 4428 praeqepdit
828 4279 846 4326 a
860 4269 959 4355 patre
981 4253 1041 4332 suo
1057 4255 1194 4441 fibifiplo·

779 4371 804 4436 2
1175 4386 1198 4445 ⁸.
1298 4443 1303 4451 .
