3075 5150
192 585 297 681 72'1'1.
353 538 1088 664 nroosrna'mnrnaorrarr.
1144 569 1239 683 405'

185 758 287 834 suurn
301 757 412 842 fuisse.
434 786 553 861 rerum
568 788 612 836 ne
633 760 736 848 huiur
752 760 893 862 quidem
912 756 1020 833 afferri
1031 764 1209 837 veritatem

183 862 376 961 approbare
408 860 510 947 relius
539 854 707 963 poterant.
784 865 833 935 Hi
856 864 959 949 sunt,
999 866 1059 1035 qni
1082 864 1123 936 ab
1145 867 1207 937 ini·

181 966 234 1035 tio
255 964 436 1037 hereditati
458 962 638 1039 Nicostrati
652 962 838 1040 inhiarunt.
884 964 1002 1037 Charin
1027 990 1062 1035 es
1077 981 1205 1055 autem,

178 1078 257 1137 tum
275 1065 416 1163 quidem
428 1090 503 1137 eam
517 1050 587 1138 n'on
604 1066 757 1164 petebat,
816 1058 1007 1136 ostmodum
1028 1091 1109 1138 vero
1125 1088 1203 1137 eoe-

177 1168 231 1263 pit
244 1184 385 1275 petere,
410 1190 523 1265 neque
539 1164 627 1239 sulus
642 1163 721 1263 ipse,
745 1088 813 1237 sei
816 1167 919 1237 etiarn
934 1164 1083 1263 spurium
1091 1166 1201 1253 suum,

178 1270 393 1339 emeretr-ire
408 1264 611 1367 quaefitum,
634 1260 1098 1354 mbiettumiuitmcostnto,
1128 1268 1199 1339 hoe

175 1362 339 1457 confilio,
371 1380 408 1439 vt
426 1384 485 1440 aut
508 1370 597 1442 bona
613 1367 801 1467 corriperet
813 1366 898 1466 ipse,
925 1380 986 1439 aut
1007 1366 1112 1439 saltim
1124 1367 1198 1465 spu·

173 1470 227 1539 rio
244 1466 307 1539 suo
320 1470 374 1539 ius
389 1468 532 1541 ciuitatis
549 1470 746 1569 acquireret.
796 1469 949 1539 Sentiens
965 1482 1078 1541 autem
1096 1468 1194 1541 suum

174 1566 217 1639 de
237 1572 448 1663 cognatione
459 1566 614 1641 assertum
629 1566 794 1641 mendacii
818 1565 1015 1641 conuitium
1030 1572 1086 1653 iri,
1109 1572 1195 1665 peti·

174 1672 312 1741 tionem
340 1673 437 1767 pueri
467 1672 606 1770 quidem
625 1668 772 1756 rescidit,
803 1692 868 1767 pro
886 1668 998 1742 iemeti
1027 1670 1060 1740 io
1076 1686 1208 1752 autem.

174 1760 617 1869 sacramentumdeposuit,
650 1785 687 1841 vt
708 1772 754 1858 ir,
786 1773 842 1841 cui
866 1793 930 1867 per
951 1694 1192 1843 trifimentum

172 1870 269 1943 bona
283 1870 466 1943 Nicostrati
480 1872 554 1944 data
566 1866 710 1945 fuiffent
759 1870 951 1967 Oportebat
966 1871 1103 1967 quidem
1112 1887 1131 1953 ,·
1141 1872 1193 1943 iu·

173 1971 286 2059 dicer,
311 1976 507 2071 quicunque
520 1968 731 2045 substantiam
744 1971 909 2070 quandam
925 1998 965 2041 er
978 1976 1082 2045 tituto
1089 1969 1193 2043 dona·

171 2076 280 2147 tionis
304 2070 569 2147 testamentariae
596 2086 737 2171 petens,
767 2072 862 2144 eausa
883 2068 1068 2158 cecidisset,
1097 2095 1192 2160 eum,
1317 2140 1324 2157 ,

171 2198 245 2247 non
261 2174 306 2245 ad
328 2172 488 2247 molstum
527 2200 566 2246 ro
581 2188 651 2245 rata
666 2170 902 2260 condemnari,
931 2172 985 2244 sed
1001 2172 1040 2244 nd
1056 2187 1192 2247 tantun·

172 2275 253 2348 dem
272 2276 478 2374 reipublicae
493 2198 571 2349 risco
587 2274 770 2361 luendum,
802 2274 920 2372 quanti
932 2270 973 2344 fit
987 2272 1115 2345 summa
1130 2273 1192 2347 bo·

172 2400 304 2451 norum
325 2376 368 2448 ab
391 2400 434 2449 eo
454 2380 651 2475 petitorum·
699 2373 803 2458 Quod
824 2372 848 2444 fi
868 2371 983 2458 fieret,
1013 2375 1103 2465 leger
1116 2396 1190 2447 non

173 2478 219 2549 ita
233 2490 561 2564 contemnerentur,
585 2499 698 2576 neque
713 2478 932 2569 cognationes
950 2500 968 2545 a
984 2466 1190 2573 totimpurir

172 2581 488 2652 contaminarentur
502 2605 564 2678 per
580 2578 819 2678 petulantiam,
831 2569 1190 2675 nequeioturuseffet,
1226 2644 1230 2658 ,

171 2676 489 2854 quisdeiuntiqrum
505 2681 646 2854 npmine
660 2675 944 2862 aldetonfirgqnda
956 2692 995 2748 et
1009 2675 1191 2748 inemstm·
1327 2698 1330 2704 ·

193 2807 211 2853 a
245 2807 291 2854 ua
314 2805 395 2853 meo
420 2795 525 2856 amaa
549 2796 598 2854 uta
626 2806 667 2852 au
711 2793 773 2851 ret.
887 2798 1001 2849 umam
1025 2803 1106 2848 vero
1154 2800 1191 2848 er

170 2881 264 2976 leges
279 2883 441 2954 omnibus
453 2883 549 2970 iicet,
574 2885 676 2954 etiam
693 2885 891 2980 quicunque
911 2893 1004 2949 extra
1017 2799 1190 2971 cognatio-

169 3009 251 3054 nem
269 2983 366 3080 sunt,
386 2981 585 3056 hereditates
606 3005 892 3082 quorumeunque
905 3003 975 3078 quo
990 2982 1135 3077 quisque
1150 2979 1191 3048 ti·

167 3085 244 3156 tulo
275 3083 361 3156 velit
384 3101 518 3185 petere3
542 3081 689 3156 vestrum
708 3077 773 3169 est,
800 3085 835 3154 in
860 3080 1056 3152 huiusmodi
1079 3077 1190 3152 causas
1225 3079 1229 3095 “

169 3199 299 3284 quanta
314 3188 468 3284 poteritis
483 3185 611 3256 summa
633 3183 806 3275 diligentia
827 3184 1018 3281 inquirere,
1041 3180 1192 3252 nullum-

168 3311 238 3384 que
254 3287 373 3357 locum
389 3311 459 3358 non
475 3283 646 3358 excursum
662 3286 898 3355 transmittere.
947 3287 990 3352 Et
1003 3284 1038 3353 in
1054 3281 1123 3351 hoc
1139 3280 1189 3350 so·
1250 3287 1267 3340 ι’

166 3385 202 3459 lo
219 3393 348 3482 genere
361 3387 545 3472 causarum,
570 3387 772 3458 hereditario
789 3399 887 3482 puta,
908 3381 1066 3454 videritne·
1086 3381 1127 3452 ad
1148 3377 1188 3452 fi·
1304 3433 1315 3447 .

167 3487 250 3560 deor
263 3487 449 3561 faciendam
463 3489 621 3560 validiora
637 3489 738 3560 etiarn
763 3481 830 3556 effe
845 3485 982 3567 indicia,
1008 3506 1110 3580 qoam
1125 3477 1187 3580 ipii
1299 3499 1305 3578 j
1325 3533 1329 3544 .

167 3587 279 3661 tester.
327 3591 417 3661 Nam
432 3591 616 3662 incaeteris
633 3587 771 3688 quidem
783 3580 1013 3658 contr-astibus
1032 3582 1121 3654 haud
1132 3583 1187 3653 ad·
1340 3633 1350 3654 .
1378 3612 1382 3626 ·

166 3690 313 3764 modum
330 3686 463 3767 difficile
478 3688 525 3762 est
540 3689 617 3763 falsa
631 3687 766 3762 testatos
791 3709 993 3778 coarguere,
1015 3679 1187 3781 superstite

167 3790 279 3863 adhuc
295 3805 333 3862 et
344 3793 379 3863 in
394 3793 484 3865 Vrbe
498 3791 670 3891 praesente
687 3815 747 3878 eo,
771 3813 872 3886 quem
899 3784 1008 3858 testati
1029 3783 1094 3855 sint
1116 3784 1185 3856 hue

167 3892 319 3965 reiiliud
340 3889 450 3986 egiss'e.
498 3898 535 3967 in
552 3891 646 3964 causa
668 3915 749 3963 vero
772 3887 971 3961 hereditaria
995 3885 1096 3983 ecqui
1115 3879 1186 3953 salii

167 3990 266 4064 tester
280 3991 561 4067 noscitabuntur?
579 3989 776 4088 'dummodo
797 3992 1047 4061 intertrimento
1066 3997 1103 4056 et
1124 3981 1188 4054 dit·

167 4091 331 4166 ferentina
345 4093 607 4194 postulationum
624 4094 801 4166 nonnimir
811 4091 991 4162 abnormes
1002 4101 1104 4183 atque
1120 4107 1188 4153 ma·

172 4191 307 4269 meme
320 4193 401 4277 iintr
424 4193 484 4269 illo
498 4193 588 4299 ipso,
611 4193 766 4270 deeuius
780 4187 874 4264 diuis
889 4179 1190 4284 fattisuetestimo-

703 4299 775 4367 'Ce
794 4313 815 4392 3
1087 4288 1187 4358 nium
