3075 5150
158 508 260 581 ²09·
382 491 967 613 Prtautssananrrnra
1103 434 1172 593 38a

159 670 972 772 eommanicuiqueconditioneeademelocatam
985 666 1179 749 suisleafra·
1234 691 1237 701 “

158 784 301 869 tneque
313 769 955 871 auunculo-nostrosuitfisuitanquam.
975 779 1059 846 Non
1069 776 1178 849 modi.

156 876 344 945 cum-mihi
359 874 472 945 datum
483 874 574 946 soret
587 874 775 968 negotium,
799 871 1002 949 fidehoruna
1011 868 1178 965 omnium,

155 976 220 1069 qni
236 974 385 1045 mulieris
405 978 503 1047 arnici
517 1000 560 1046 an
587 1000 665 1047 uam
680 972 836 1062 fuerunt,
865 1000 1076 1074 vaoquoque
1092 975 1177 1071 figit·

154 1074 259 1145 latina
279 1099 450 1173 exponere
474 1000 605 1149 neeelle
627 1074 738 1149 inerit
791 1073 917 1157 Quodfi
940 1102 1022 1169 ergo
1043 1102 1105 1149 voa
1125 1080 1175 1149 ira·

156 1174 288 1262 beatis,
318 1174 360 1247 de
380 1174 580 1274 quibusdam
605 1200 723 1249 eornm
746 1200 841 1248 ame
863 1180 1073 1249 mentionem
1089 1176 1175 1274 fieri,

155 1274 295 1349 faciam
345 1280 401 1357 Sin
417 1291 530 1349 autern
544 1274 689 1349 vestrum
706 1276 904 1375 quibusdem
919 1278 1059 1377 perinde
1071 1278 1176 1354 nsua·

155 1374 278 1463 uelit,
310 1378 424 1447 audire
444 1375 627 1451 illiusmodi
651 1378 933 1464 narratiunculas,
963 1391 1067 1475 atque
1088 1380 1175 1455 mihi

157 1474 207 1547 est
220 1479 315 1571 injiis
331 1480 484 1551 oratione
496 1478 628 1567 versari,
650 1476 718 1549 sola
733 1478 831 1549 robis
846 1476 1012 1555 exhibebo
1034 1482 1176 1554 recitata·

155 1578 199 1649 da
220 1575 416 1661 testimonia
439 1577 537 1677 super
557 1580 621 1651 hac
640 1579 783 1651 muliere
803 1581 839 1649 in
851 1582 966 1677 priore
982 1574 1114 1655 afflone
1126 1579 1174 1653 di·

151 1674 214 1751 aa
243 1704 397 1777 quorum
410 1678 842 1753 tellimoniorumomnium
855 1682 892 1751 in
907 1680 1040 1753 nullum
1054 1682 1091 1753 hi
1105 1678 1175 1755 auli
1210 1732 1214 1737 -
1298 1707 1303 1714 ·

150 1780 234 1851 lunt
245 1778 478 1877 [NJcodemus
495 1796 579 1880 puta
593 1776 904 1870 comsaiiionesua]
920 1778 1065 1853 salsitatis
1074 1778 1175 1855 aiilo-

150 1882 235 1953 nem'
251 1876 424 1953 instruere.
472 1886 577 1979 Atqui
591 1878 664 1954 fieri
684 1882 742 1979 qui
756 1876 884 1979 poffit„
896 1896 933 1951 vt
947 1884 1013 1953 rite
1031 1875 1173 1980 despon·

151 1982 184 2052 sa
198 1983 364 2079 culquam
379 1984 626 2079 atque·elocate
637 1982 790 2056 rideatur
805 2008 846 2053 ee
860 1980 999 2069 mulier,
1021 2006 1123 2081 quarn
1134 1984 1175 2057 hi

152 2079 446 2255 {diffisis
453 2084 746 2257 silisis}
759 2078 1062 2255 illitis?
1077 2086 1172 2257 Ti?

154 2288 223 2357 rati
240 2283 426 2371 nonium,
447 2210 488 2357 ei
502 2286 573 2385 ipso
587 2281 724 2365 conieffi
738 2282 824 2371 sunt,
848 2284 1028 2357 mulierem
1044 2210 1172 2382 ciirpue

153 2381 329 2479 vulgasle,
366 2384 512 2485 ideoque
543 2390 607 2458 n'te
636 2383 830 2483 desponsam
858 2409 1034 2483 nunquam
1062 2382 1171 2470 tuille.

153 2490 249 2569 Quae
267 2482 459 2559 testimonia
473 2486 529 2559 vbi
543 2512 604 2559 vos
620 2510 758 2586 quoque
772 2484 958 2572 audieritis,
989 2486 1171 2579 cognosce·

152 2591 209 2674 tis,
235 2603 275 2660 et
287 2587 522 2661 Nicodemum
537 2588 769 2662 testimonium
788 2583 900 2658 dirille
923 2603 1039 2684 aperte
1054 2601 1090 2658 et
1102 2613 1172 2660 ma·

153 2686 271 2762 nisesie
288 2687 443 2784 faliunt,¹
460 2703 495 2760 et
516 2688 693 2789 superioria
717 2683 856 2762 allionis
878 2685 1003 2759 iudices
1026 2707 1171 2786 aequam

152 2793 286 2888 iurique
302 2788 561 2876 consentaneam
577 2783 813 2891 pronunciasse
827 2785 1027 2860 sententiam
1036 2790 1072 2860 in
1081 2789 1171 2862 hane

153 2891 358 2978 formulam,
386 2883 607 2964 hereditatem
630 2891 765 2964 mulieri
786 2888 877 2961 haud
897 2889 1048 2981 legitime
1069 2904 1169 2962 natae

151 3017 219 3064 non
246 3007 460 3090 competere.
486 2995 693 3087 ¹Recita‘tu,
717 3005 885 3062 tuentem
905 2989 1023 3064 inhibe
1042 2988 1171 3088 clepsy-

151 3093 254 3170 dram.
312 3089 502 3188 Dstlnonia.
540 3093 643 3178 Quod
652 3115 734 3186 ergo
742 3093 899 3167 meretrix
907 3091 1169 3187 volenticuique

151 3195 308 3280 obnoxia,
318 3207 515 3276 -nonautem
523 3195 762 3290 vaorlegitima
770 3189 1050 3278 nostriauuneni,
1062 3189 1170 3263 fuerit

153 3319 185 3369 ea
200 3297 363 3383 mulier,·
378 3319 481 3392 quana
495 3295 550 3366 hic
567 3295 815 3392 [Nicodemue]
830 3289 966 3364 testatur
982 3289 1029 3362 est
1040 3317 1060 3366 a
1073 3289 1106 3362 se
1117 3289 1169 3364 illi
1290 3281 1296 3293 ’

153 3396 306 3488 legitime
326 3395 522 3492 desponsam
543 3413 644 3497 atque
663 3397 828 3468 elocatam
844 3388 961 3484 fuisse,
984 3392 1027 3464 de
1043 3395 1169 3468 eniam

152 3495 281 3570 constat
299 3497 415 3582 vobis,
443 3521 524 3568 cum
544 3523 564 3570 e
587 3495 784 3571 testimoniis
799 3497 1011 3593 reliquorum
1028 3495 1169 3591 propin·

153 3615 324 3696 quornm,
347 3613 422 3670 turn
438 3625 458 3670 e
472 3599 680 3686 vicinorum,
699 3599 759 3697 qui
776 3597 859 3668 olim
871 3593 1003 3690 Pyrrho
1017 3593 1169 3680 luerunt.

152 3727 240 3773 nunc
256 3717 374 3774 autem
389 3695 497 3772 testati
513 3699 605 3788 sunt,
630 3703 714 3772 rixae
752 3720 928 3794 ugnaaque
947 3694 1080 3766 crebras
1095 3721 1115 3766 a
1134 3693 1170 3766 se

154 3803 229 3874 visas
245 3802 447 3900 auditasque
464 3796 539 3890 elle,
566 3815 601 3874 et
616 3723 876 3884 contritiones,
900 3809 937 3867 et
942 3795 1168 3896 petulantiam

154 3903 403 3990 incredibilem,
424 3905 540 3991 toties,
564 3905 700 4004 quoties
714 3902 799 3973 haec
815 3897 953 3982 mulier,
977 3896 1080 3970 huius
1089 3897 1168 3988 [Ni.

154 4004 308 4095 rodemi]
330 4005 439 4090 soror,
486 4029 567 4077 enea
585 4029 666 4077 eum
689 4001 901 4100 [Pyrrhum]
919 3991 1013 4073 ellet.
1059 3997 1169 4089 ‚atqui

155 4129 254 4178 nemo
282 4105 381 4180 facile
400 4131 445 4178 au
457 4119 486 4178 rt
505 4103 546 4179 ad
569 4121 739 4180 matroma
755 4106 820 4198 rite
836 4101 1004 4180 maritata
1017 4091 1173 4273 ‘emigra-f
1231 4175 1236 4179 .

845 4216 848 4222 '
968 4217 988 4242 ¹
1052 4222 1101 4272 un
1125 4223 1170 4272 aa
