3075 5150
336 627 427 733 2850
568 621 593 687 r.
642 617 670 692 r.
718 616 776 726 n(
809 563 1168 704 decessiones
1250 683 1279 696 ,Δ

349 792 549 868 {dandorum
559 799 706 870 rationes
717 794 968 882 demonstrent3
993 811 1166 870 caeterum
1176 797 1265 896 pius,
1275 825 1380 897 quam

353 923 415 998 par
430 915 512 988 erat,
525 897 663 971 subtiles
679 915 715 970 et
728 915 883 994 argutae,
907 898 1003 998 saepe
1017 898 1174 972 locorum
1189 899 1333 993 frigidae
1350 917 1384 972 et

354 1004 506 1096 ineptae,
534 1001 660 1099 ubique
684 1025 793 1098 paene
816 1001 973 1092 locorum
996 1000 1157 1072 obscurae
1171 1016 1207 1074 et
1222 1001 1384 1096 caligino-

354 1099 423 1185 sae,
445 1119 647 1198 rumpentes
664 1105 694 1172 ei
712 1105 907 1195 ingenium,
943 1105 1003 1200 qui
1026 1127 1151 1174 neruos
1167 1120 1384 1196 argumenta·

354 1204 488 1273 tionum
505 1203 726 1278 meditatione
735 1203 920 1304 consequi,
951 1222 987 1273 et
1002 1204 1139 1302 laqueos
1154 1203 1382 1302 captiosarum

354 1303 620 1401 disputationum
641 1306 790 1376 enodare
811 1305 1003 1382 contendat.
1077 1309 1149 1398 Ego
1174 1309 1285 1399 genus
1311 1309 1382 1378 hoc

353 1404 543 1503 scriptionis
562 1433 582 1476 a
600 1429 712 1505 puero
735 1403 872 1496 exosus,
900 1423 976 1478 tum
993 1412 1176 1504 temporis,
1189 1433 1273 1479 cunr
1294 1407 1380 1480 ordo

351 1531 410 1580 me
429 1509 470 1580 ad
487 1507 782 1606 interpretandum
803 1525 838 1578 et
861 1507 1109 1582 enucleandum
1124 1510 1382 1606 Antiphontem

267 1681 271 1692 ,
327 1687 333 1694 ,
351 1607 524 1698 deferret,
536 1609 734 1706 tralaticium
750 1607 854 1680 modo
870 1635 953 1681 cum
971 1635 1012 1681 eo
1027 1613 1183 1682 notitiam
1198 1633 1380 1683 contraxe-

351 1705 435 1782 ram.
483 1715 563 1792 Quo
582 1706 717 1795 fastum,
732 1708 799 1797 est,
832 1725 870 1782 vt
885 1713 1119 1792 annotationes
1131 1711 1181 1796 ¹ad
1195 1737 1381 1785 eumcou·

350 1810 516 1900 scribens,
535 1837 574 1884 ea
586 1808 761 1896 festinans,
781 1824 817 1884 et
830 1809 1081 1912 perfunstorie,
1097 1817 1131 1884 in
1145 1813 1281 1884 chartas
1300 1839 1382 1885 con·

349 1915 509 2008 iicerem‚
534 1941 621 2012 quae
632 1913 691 1985 sub
706 1911 819 1986 stilum
843 1919 1014 2001 venirent,
1042 1934 1079 1986 vt
1102 1913 1268 2001 solemur,
1293 1919 1379 1988 inui-

315 2100 318 2113 .
349 2009 385 2086 ta
399 2020 557 2087 Minerua
568 2015 771 2103 scribentes,
796 2031 854 2086 aut
871 2013 1116 2109 enuntiantes,
1132 2043 1150 2087 a
1166 2015 1296 2114 quibus,
1310 2021 1379 2089 ani·

349 2140 428 2188 mus
444 2113 485 2186 sat
500 2117 655 2194 alienior.'
698 2123 750 2188 Ita
769 2115 861 2186 haud
882 2133 1079 2215 pauentum
1097 2119 1182 2188 mibi
1202 2117 1378 2192 festinanti

136 2270 140 2279 ·
216 2220 220 2226 ’
348 2215 555 2306 exciderunt,
580 2243 796 2316 quorumme
810 2217 1009 2316 scriptorum
1020 2215 1238 2316 postmodum
1258 2225 1377 2316 poeni·

244 2403 248 2420 ι
345 2321 432 2408 tuit,
452 2335 488 2390 et
502 2333 623 2392 eontra
637 2319 841 2418 praeteruidi
863 2321 941 2406 alia,
978 2345 1064 2419 quae
1087 2345 1179 2392 nunc
1201 2321 1332 2393 vellem
1357 2349 1376 2393 a

346 2447 404 2493 me
423 2418 539 2494 omiffa
553 2447 624 2496 non
639 2416 747 2493 fuisse.
795 2423 942 2504 Chartae,
967 2436 1036 2492 tam
1055 2421 1129 2493 labe
1147 2447 1221 2494 non
1237 2447 1306 2494 vna
1321 2424 1374 2495 de·

344 2521 482 2612 fdrmcs,
495 2549 576 2597 cum
594 2519 817 2622 typographis
839 2519 1048 2597 excudendas
1063 2519 1242 2612 dediffem,
1267 2526 1374 2623 paulo

341 2622 422 2797 post
445 2624 578 2698 excusas
600 2622 851 2723 recuperabam.
905 2624 953 2697 lbi
971 2622 1111 2697 lustrans
1133 2624 1250 2698 denuo
1274 2654 1296 2699 a
1318 2654 1371 2699 me
1418 2626 1419 2641 ¹

359 2730 483 2825 cripta,
506 2753 570 2826 per
583 2724 796 2798 occafionem
811 2726 1013 2798 mendarum
1036 2729 1371 2825 typographicarum

267 2867 271 2877 ·
344 2828 597 2920 tbllendarum,
623 2854 759 2927 unaque
780 2829 1035 2925 Antiphontem
1057 2827 1165 2926 ipsum
1193 2828 1370 2923 relegens,

342 3031 448 3103 veluti
468 3032 763 3132 praecipitatione¹
779 3032 876 3103 locus
903 3028 968 3121 est,
1000 3030 1220 3103 obseruabam
1245 3048 1370 3106 mente

339 3134 518 3231 oculisque
531 3131 883 3205 intermeditationem
892 3134 1052 3204 orationis
1061 3157 1207 3225 graecae,
1224 3148 1262 3205 et
1274 3160 1371 3207 men·

340 3232 461 3305 darum
474 3236 753 3333 expurgationem
773 3232 1039 3327 ambigentibus,
1061 3234 1123 3305 alia
1140 3234 1369 3329 obelodigna,

296 3331 299 3342 ’
339 3334 403 3406 aiia
419 3334 491 3406 sero
507 3336 741 3409 succurrentia.
791 3338 883 3407 Nam
897 3336 1010 3407 inillis
1027 3349 1062 3406 et
1070 3339 1240 3433 temporis
1252 3338 1368 3437 etspe-

284 3478 289 3490 ν
337 3438 467 3508 tiorum
482 3434 657 3533 angustiis,
680 3460 794 3535 neque
811 3459 941 3509 errores
955 3438 1222 3537 reprehendere,
1244 3465 1366 3538 neque

305 3540 314 3554 ‘
335 3540 539 3638 praeteruisa
553 3540 675 3611 licebat
689 3538 819 3617 addere.
853 3542 968 3621 Quare
977 3572 995 3626 ,·
1008 3538 1101 3636 quod
1114 3542 1259 3611 vnicum
1274 3545 1365 3615 eius·

126 2938 133 2964 '
195 2944 227 2999 .’
327 2928 399 3020 ,sed
417 2956 456 3001 ea
473 2931 662 3025 diligentia,
686 2932 790 3001 cuiin
804 2927 862 3000 ista
876 2930 1171 3028 typographorum
1195 2932 1371 3005 verticosa
1417 2966 1418 2979 2

333 3642 428 3711 modi
442 3643 646 3713 conditionis
654 3642 823 3735 iniquitati
837 3638 1026 3711 remedium
1041 3636 1194 3737 superest,
1209 3666 1255 3712 eo
1265 3667 1366 3716 nunc
1415 3722 1416 3725 ,

332 3758 429 3829 vtar,
450 3760 486 3814 et
507 3742 829 3842 perperamdcripta
849 3736 1104 3827 retractaturus,
1137 3756 1173 3813 et
1193 3740 1363 3819 deficien-

260 3839 263 3846 ’
331 3844 377 3913 tia
398 3844 627 3942 suppleturus.
664 3845 732 3915 hoc
753 3840 800 3915 est
822 3842 875 3915 illa
900 3843 1037 3915 datums
1051 3843 1288 3938 suppleturum,
1315 3848 1360 3919 ad

329 3942 571 4042 (praelectores
586 3942 702 4043 paffim
722 3943 880 4015 locurum
899 3948 936 4015 in
959 3943 1186 4043 superioribus
1209 3964 1358 4020 annota-

326 4046 477 4118 tionibus
500 4046 663 4141 ablegaui.
721 4046 824 4127 Quod
844 4044 987 4129 faciens,
1018 4040 1231 4145 lestoresque
1254 4064 1291 4118 et
1316 4053 1354 4121 in
1414 4050 1415 4091 ³

322 4150 441 4244 primis
459 4148 605 4220 editores
621 4146 854 4242 Antiphontis,
870 4144 1153 4245 iiquisecundum
1167 4172 1224 4217 me
1234 4167 1355 4239 erunt,

322 4251 424 4323 etiam
438 4256 541 4349 atque
554 4254 656 4324 etiarn
670 4270 779 4341 rogo,
800 4260 839 4324 tt
849 4246 1113 4323 iureceusendis
1134 4262 1241 4349 atque
1255 4250 1351 4426 οιὲἷιε-

407 4374 433 4387 “’
1222 4374 1289 4447 2²¹¹
