3075 5150
236 581 397 654 svruu
442 585 618 658 usius·
650 525 1045 668 ourrruou‘rn
1095 587 1190 691 eir

136 777 222 838 tam
247 765 470 864 Antiphontis
497 763 540 836 ab
561 789 604 838 eo
628 761 782 841 omiiiam
799 767 918 860 doleo,
942 775 997 866 qoi
1009 776 1170 853 editionem

136 871 288 943 curauit.
342 874 399 938 An
445 863 515 938 uod
540 866 714 954 censeret,
743 869 895 952 Aldum,
925 897 995 944 non
1017 891 1171 954 veterem

137 993 361 1064 quemquam
377 891 552 1040 auderem
566 963 657 1040 eise?
703 969 808 1052 Quod
824 968 916 1054 dicis,
943 975 1043 1046 malle
1055 991 1090 1050 te
1096 979 1174 1070 βίον

135 1065 376 1168 ’Λντφόηος
398 1067 528 1158 dicere,
560 1095 661 1168 quom
680 1071 796 1166 γένος,
825 1071 859 1144 id
881 1075 1037 1172 equidem
1054 1097 1090 1154 et
1104 1109 1173 1176 ego

139 1195 264 1269 poene
283 1171 430 1243 mollem.
476 1170 542 1242 Sed
563 1196 655 1246 eram
681 1185 746 1244 tum
765 1170 919 1246 timidior
938 1177 974 1248 in
997 1186 1175 1260 mutando.

141 1270 260 1359 Quod
278 1287 394 1344 eutem
416 1271 576 1345 Ebriiimi
606 1273 810 1347 columniam
840 1277 1000 1375 impingis
1023 1281 1072 1356 illi
1088 1287 1176 1376 roci,

140 1377 188 1446 in
210 1399 254 1444 eo
274 1374 432 1473 Amplius
452 1373 572 1446 censeo
595 1376 898 1474 pronuntiandum.
953 1384 1045 1455 Nom
1060 1385 1178 1462 videor

141 1475 242 1550 mihi
256 1475 358 1548 talem
374 1477 446 1548 eius
460 1479 554 1547 vocis
567 1473 849 1570 fignificotionem
865 1478 954 1579 rpud
964 1481 1113 1561 Graecos
1124 1515 1178 1564 re·

140 1571 286 1677 periise.
332 1579 485 1671 Regium.
501 1581 558 1650 ΙΙΙ.
577 1577 646 1652 CtL
658 1583 863 1671 N0u1719.

217 1711 267 1792 poi
285 1710 430 1772 editionem
450 1709 585 1794 cruorit]
613 1711 719 1776 Omiiit
738 1715 793 1775 ille
811 1713 957 1795 quidem,
986 1739 1092 1784 verum
1111 1743 1177 1790 non

144 1789 264 1940 spoppe
276 1790 341 1877 sue,
359 1794 412 1860 sed
424 1797 462 1860 ad
476 1798 651 1880 exemplum
663 1796 825 1878 Stephani,
843 1793 927 1862 cuius
942 1803 1077 1867 codicem
1094 1829 1179 1874 reco-

146 1899 216 1959 que
239 1895 281 1942 at.

220 1978 303 2063 ruet]
324 2003 418 2064 quum
431 1979 541 2047 scilicet
554 1983 686 2066 Bayerus
699 1981 866 2066 operirsuis
876 1985 1054 2070 imperaret,
1074 1994 1180 2064 vtAu·
1256 2015 1260 2025 ·

148 2063 306 2145 tiphontir
321 2067 490 2130 excutiendi
503 2067 640 2130 iacerent
659 2068 790 2145 initium.

237 2164 520 2275 Annoteteitua,
541 2180 711 2276 Gesnere]
733 2183 771 2254 in
792 2181 1043 2280 Antiphontem
1058 2139 1179 2262 meum

156 2277 351 2376 exspoliare
365 2309 422 2356 me
435 2284 546 2362 iubes.
595 2282 762 2372 Obsecro,
784 2285 896 2359 mitte.
942 2285 1096 2378 Regium.
1111 2288 1181 2364 Coi,
1294 2269 1296 2280 Ι

152 2383 275 2457 Sertil.
287 2405 384 2475 1720.
728 2413 731 2420 ·
946 2420 949 2425 ·

236 2487 337 2557 Meus
353 2483 530 2585 Antiphon
547 2485 680 2558 lentum
696 2469 875 2581 negotium
891 2481 947 2564 est.
978 2489 1045 2558 iam
1060 2485 1117 2559 diu
1132 2491 1183 2562 ni-

157 2590 215 2664 hii
227 2586 461 2687 procuderunt
475 2613 614 2687 operae,
642 2604 717 2661 tum
740 2614 833 2680 men,
864 2610 941 2661 tum
955 2586 1093 2661 illorum
1108 2591 1180 2663 cui.

156 2718 219 2792 pr.
265 2690 394 2787 Siquid
414 2694 450 2762 in
471 2716 551 2761 eum
570 2689 632 2763 tibi
645 2694 808 2763 renietin
825 2705 997 2784 mentem,
1023 2694 1121 2764 mitte
1138 2692 1181 2767 ad

155 2818 238 2881 me,
259 2807 297 2863 vt
311 2790 410 2866 fimui
427 2791 481 2863 edi
490 2790 597 2889 puiset.
644 2794 796 2886 Regiom.
814 2798 879 2865 v11.
895 2794 971 2865 idus
989 2796 1071 2890 Sept
1096 2815 1182 2886 1721.
1205 2866 1210 2877 ,

236 2917 271 2991 p-
289 2904 346 2969 26.
392 2895 597 2992 Antiphonis
620 2890 710 2991 [fic]
735 2896 864 2992 reliquo
880 2897 979 2993 typis}
989 2894 1184 2969 excudenda
1291 2884 1299 2889 ⁸
1376 2965 1377 2975 ,

159 2994 267 3082 dedi)
280 2994 382 3066 lentie
396 2998 533 3092 vtique,
570 3011 606 3067 et
621 2995 763 3094 meipso
779 2995 997 3090 segnioribus.
1027 2982 1031 3001 '
1046 3000 1127 3067 Tuo
1142 2998 1180 3070 iu
1227 3056 1234 3071 ,

161 3097 421 3195 Antiphontem
443 3094 532 3203 [fic]
554 3097 640 3169 mihi
660 3098 868 3197 perplacent.
915 3098 980 3169 Sed
993 3098 1060 3167 mei
1076 3093 1184 3170 asteri-
1268 3117 1271 3126 “

164 3198 231 3283 sci,
261 3198 353 3296 quod
379 3214 415 3271 tc
434 3200 541 3293 fugit,
568 3224 640 3271 non
655 3197 759 3272 modo
774 3200 885 3273 luxata
901 3197 991 3285 loca,
1011 3196 1183 3273 sedetiam

165 3301 504 3399 quomodocunque,
524 3304 676 3391 grauiter
692 3316 824 3389 tamen,
845 3316 1006 3397 corrupte
1021 3299 1184 3391 indicant,

163 3405 205 3474 in
220 3402 341 3500 quihus
355 3402 452 3475 nolui
466 3426 575 3475 meum
592 3399 822 3477 comesturam
842 3403 999 3475 licentius
1020 3399 1184 3473 immisce·

165 3530 219 3588 re,
239 3501 337 3575 sedin
350 3500 575 3578 coniestrneis
587 3508 670 3577 meis
686 3528 888 3603 expromere
901 3504 1014 3575 uului.
1064 3506 1185 3601 lnqui-

167 3604 315 3679 busdam
332 3607 434 3694 locis,
459 3606 516 3678 rbi
536 3623 652 3705 aperta
673 3602 886 3677 conieiiurae
901 3606 986 3677 tutio
1003 3602 1086 3677 mihi
1102 3628 1186 3677 con.

168 3702 292 3794 stabat,
321 3735 394 3781 nou
413 3708 566 3783 dubitaui
587 3708 766 3781 emendare
787 3710 823 3779 iu
838 3722 943 3779 textu.
989 3708 1024 3778 si
1042 3704 1126 3777 mihi
1141 3703 1185 3781 od

169 3824 313 3883 manum
333 3812 514 3911 Stephani,
543 3825 603 3881 eut
623 3810 726 3882 nitere
743 3808 799 3881 illc
814 3808 917 3881 editio
933 3802 1186 3903 [Henouieufis,
1266 3798 1271 3807 ’

172 3914 212 3982 ni
235 3909 372 4002 failor,]
402 3906 623 4010 Antiphontis'
641 3906 781 3996 iuiffet,
806 3924 941 3983 tantum
965 3908 1087 3979 loboris
1102 3932 1185 3983 cum

169 4010 364 4108 stupiditate
381 4038 560 4112 operarum
577 4008 835 4091 nousubiiffem.
882 4003 1189 4085 Conieiioneomea
1291 4082 1295 4095 ,

171 4112 284 4185 adhuc
299 4111 443 4195 diriestis
458 4115 587 4189 schedis
603 4118 837 4199 continentur.
883 4118 930 4185 Ea
947 4111 1190 4207 cumprimum

171 4211 375 4311 ercuiiero,
391 4243 485 4295 meas
501 4216 754 4295 eruendotiouer
773 4233 893 4291 tecum
906 4210 1190 4301 communicabo3

1043 4336 1190 4417 quatum
1237 4390 1240 4399 ,
