<?xml version="1.0" encoding="UTF-8"?>
<!DOCTYPE html PUBLIC "-//W3C//DTD XHTML 1.0 Transitional//EN"
    "http://www.w3.org/TR/xhtml1/DTD/xhtml1-transitional.dtd">
<html xmlns="http://www.w3.org/1999/xhtml" xml:lang="en" lang="en">
 <head>
  <title>
</title>
<meta http-equiv="Content-Type" content="text/html;charset=utf-8" />
  <meta name='ocr-system' content='tesseract 3.04.00' />
  <meta name='ocr-capabilities' content='ocr_page ocr_carea ocr_par ocr_line ocrx_word'/>
</head>
<body>
  <div class='ocr_page' id='page_1' title='image "./oratorumgrcorum02reisgoog_0454.png"; bbox 0 0 3075 5150; ppageno 0'>
   <div class='ocr_carea' id='block_1_1' title="bbox 190 509 1361 695">
    <p class='ocr_par' dir='ltr' id='par_1_1' title="bbox 190 509 1361 695">
     <span class='ocr_line' id='line_1_1' title="bbox 190 509 1361 695; baseline -0.024 -31"><span class='ocrx_word' id='word_1_1' title='bbox 190 556 235 695; x_wconf 59' lang='lat' dir='ltr'>j</span> <span class='ocrx_word' id='word_1_2' title='bbox 310 575 390 664; x_wconf 71' lang='lat'>43⁸</span> <span class='ocrx_word' id='word_1_3' title='bbox 499 570 643 663; x_wconf 80' lang='lat' dir='ltr'>1sar1</span> <span class='ocrx_word' id='word_1_4' title='bbox 667 570 875 643; x_wconf 75' lang='lat' dir='ltr'>orario</span> <span class='ocrx_word' id='word_1_5' title='bbox 901 570 942 641; x_wconf 86' lang='lat' dir='ltr'>v.</span> <span class='ocrx_word' id='word_1_6' title='bbox 970 529 1180 647; x_wconf 60' lang='lat' dir='ltr'>snam·</span> <span class='ocrx_word' id='word_1_7' title='bbox 1236 509 1361 656; x_wconf 65' lang='lat' dir='ltr'>nae.</span> 
     </span>
    </p>
   </div>
   <div class='ocr_carea' id='block_1_2' title="bbox 112 724 1384 4498">
    <p class='ocr_par' dir='ltr' id='par_1_2' title="bbox 112 724 1384 4498">
     <span class='ocr_line' id='line_1_2' title="bbox 238 724 1366 850; baseline 0.001 -30"><span class='ocrx_word' id='word_1_8' title='bbox 238 767 241 773; x_wconf 79' lang='grc'>’</span> <span class='ocrx_word' id='word_1_9' title='bbox 270 802 274 811; x_wconf 81' lang='grc'>.</span> <span class='ocrx_word' id='word_1_10' title='bbox 328 770 394 848; x_wconf 90' lang='lat' dir='ltr'>pro</span> <span class='ocrx_word' id='word_1_11' title='bbox 409 724 847 849; x_wconf 53' lang='lat' dir='ltr'>quatuor&#39;etquadraginta</span> <span class='ocrx_word' id='word_1_12' title='bbox 866 754 967 825; x_wconf 85' lang='lat' dir='ltr'>minis</span> <span class='ocrx_word' id='word_1_13' title='bbox 983 750 1261 850; x_wconf 70' lang='lat' dir='ltr'>oppigneratam,</span> <span class='ocrx_word' id='word_1_14' title='bbox 1283 770 1366 821; x_wconf 79' lang='lat' dir='ltr'>ven·</span> 
     </span>
     <span class='ocr_line' id='line_1_3' title="bbox 258 850 1367 952; baseline 0.001 -31"><span class='ocrx_word' id='word_1_15' title='bbox 258 868 261 892; x_wconf 74' lang='lat'><strong>¹</strong></span> <span class='ocrx_word' id='word_1_16' title='bbox 331 850 416 922; x_wconf 86' lang='lat' dir='ltr'><strong>didit</strong></span> <span class='ocrx_word' id='word_1_17' title='bbox 435 853 701 951; x_wconf 80' lang='lat' dir='ltr'>hierophantae,</span> <span class='ocrx_word' id='word_1_18' title='bbox 720 934 722 937; x_wconf 48' lang='grc'><strong>,</strong></span> <span class='ocrx_word' id='word_1_19' title='bbox 739 870 998 952; x_wconf 70' lang='lat' dir='ltr'>praetereaque·</span> <span class='ocrx_word' id='word_1_20' title='bbox 1012 879 1152 946; x_wconf 78' lang='lat' dir='ltr'><strong>gregem</strong></span> <span class='ocrx_word' id='word_1_21' title='bbox 1182 874 1367 950; x_wconf 79' lang='lat' dir='ltr'>caprarum</span> 
     </span>
     <span class='ocr_line' id='line_1_4' title="bbox 173 950 1368 1053; baseline 0 -28"><span class='ocrx_word' id='word_1_22' title='bbox 173 950 182 963; x_wconf 73' lang='grc'><em>“</em></span> <span class='ocrx_word' id='word_1_23' title='bbox 332 950 405 1051; x_wconf 91' lang='lat' dir='ltr'>ipso</span> <span class='ocrx_word' id='word_1_24' title='bbox 422 976 504 1026; x_wconf 87' lang='lat' dir='ltr'>cum</span> <span class='ocrx_word' id='word_1_25' title='bbox 520 952 752 1053; x_wconf 75' lang='lat' dir='ltr'>caprimusgo,¹</span> <span class='ocrx_word' id='word_1_26' title='bbox 773 955 937 1028; x_wconf 75' lang='lat' dir='ltr'>tredecim</span> <span class='ocrx_word' id='word_1_27' title='bbox 962 958 1080 1040; x_wconf 82' lang='lat' dir='ltr'>minis,</span> <span class='ocrx_word' id='word_1_28' title='bbox 1102 970 1139 1027; x_wconf 89' lang='lat' dir='ltr'>et</span> <span class='ocrx_word' id='word_1_29' title='bbox 1160 954 1243 1030; x_wconf 78' lang='lat' dir='ltr'>duae</span> <span class='ocrx_word' id='word_1_30' title='bbox 1268 953 1368 1045; x_wconf 65' lang='lat' dir='ltr'>bigo</span> 
     </span>
     <span class='ocr_line' id='line_1_5' title="bbox 284 1027 1371 1159; baseline 0.001 -33"><span class='ocrx_word' id='word_1_31' title='bbox 284 1108 286 1111; x_wconf 88' lang='lat'>-</span> <span class='ocrx_word' id='word_1_32' title='bbox 331 1027 492 1143; x_wconf 81' lang='lat' dir='ltr'>musares,</span> <span class='ocrx_word' id='word_1_33' title='bbox 506 1056 626 1159; x_wconf 82' lang='lat' dir='ltr'>alteras</span> <span class='ocrx_word' id='word_1_34' title='bbox 643 1054 734 1145; x_wconf 72' lang='lat' dir='ltr'>osio,</span> <span class='ocrx_word' id='word_1_35' title='bbox 757 1058 876 1129; x_wconf 82' lang='lat' dir='ltr'>alteras</span> <span class='ocrx_word' id='word_1_36' title='bbox 891 1060 1046 1157; x_wconf 82' lang='lat' dir='ltr'>quinque</span> <span class='ocrx_word' id='word_1_37' title='bbox 1063 1059 1163 1134; x_wconf 82' lang='lat' dir='ltr'>minis</span> <span class='ocrx_word' id='word_1_38' title='bbox 1176 1048 1371 1141; x_wconf 78' lang='lat' dir='ltr'>etsemisse·</span> 
     </span>
     <span class='ocr_line' id='line_1_6' title="bbox 332 1153 1375 1259; baseline 0.003 -33"><span class='ocrx_word' id='word_1_39' title='bbox 332 1153 475 1255; x_wconf 83' lang='lat' dir='ltr'>opifices</span> <span class='ocrx_word' id='word_1_40' title='bbox 491 1159 594 1245; x_wconf 89' lang='lat' dir='ltr'>item,</span> <span class='ocrx_word' id='word_1_41' title='bbox 624 1172 801 1259; x_wconf 87' lang='lat' dir='ltr'>quotquot</span> <span class='ocrx_word' id='word_1_42' title='bbox 814 1160 863 1243; x_wconf 85' lang='lat' dir='ltr'>illi</span> <span class='ocrx_word' id='word_1_43' title='bbox 877 1174 992 1245; x_wconf 88' lang='lat' dir='ltr'>erant,</span> <span class='ocrx_word' id='word_1_44' title='bbox 1015 1176 1150 1232; x_wconf 83' lang='lat' dir='ltr'>omnes.</span> <span class='ocrx_word' id='word_1_45' title='bbox 1175 1155 1375 1229; x_wconf 84' lang='lat' dir='ltr'>Vndesurn·</span> 
     </span>
     <span class='ocr_line' id='line_1_7' title="bbox 333 1256 1375 1359; baseline -0.002 -29"><span class='ocrx_word' id='word_1_46' title='bbox 333 1280 427 1330; x_wconf 88' lang='lat' dir='ltr'>mam</span> <span class='ocrx_word' id='word_1_47' title='bbox 447 1263 531 1333; x_wconf 82' lang='lat' dir='ltr'>aeris</span> <span class='ocrx_word' id='word_1_48' title='bbox 548 1260 747 1355; x_wconf 82' lang='lat' dir='ltr'>redigebant</span> <span class='ocrx_word' id='word_1_49' title='bbox 756 1261 939 1359; x_wconf 83' lang='lat' dir='ltr'>piusquam</span> <span class='ocrx_word' id='word_1_50' title='bbox 947 1264 1020 1352; x_wconf 70' lang='lat' dir='ltr'>,tria</span> <span class='ocrx_word' id='word_1_51' title='bbox 1034 1260 1171 1334; x_wconf 65' lang='lat' dir='ltr'>talem</span> <span class='ocrx_word' id='word_1_52' title='bbox 1221 1256 1375 1329; x_wconf 66' lang='lat' dir='ltr'>Vendit:</span> 
     </span>
     <span class='ocr_line' id='line_1_8' title="bbox 331 1354 1375 1461; baseline -0.006 -24"><span class='ocrx_word' id='word_1_53' title='bbox 331 1356 391 1437; x_wconf 73' lang='lat' dir='ltr'>ista</span> <span class='ocrx_word' id='word_1_54' title='bbox 422 1360 500 1433; x_wconf 86' lang='lat' dir='ltr'>sunt</span> <span class='ocrx_word' id='word_1_55' title='bbox 529 1386 694 1461; x_wconf 81' lang='lat' dir='ltr'><strong>perquam</strong></span> <span class='ocrx_word' id='word_1_56' title='bbox 724 1366 794 1435; x_wconf 89' lang='lat' dir='ltr'>cito</span> <span class='ocrx_word' id='word_1_57' title='bbox 824 1360 900 1461; x_wconf 82' lang='lat' dir='ltr'>post</span> <span class='ocrx_word' id='word_1_58' title='bbox 929 1362 1070 1435; x_wconf 74' lang='lat' dir='ltr'>obitum*</span> <span class='ocrx_word' id='word_1_59' title='bbox 1091 1354 1375 1433; x_wconf 65' lang='lat' dir='ltr'>Philodemonis.</span> 
     </span>
     <span class='ocr_line' id='line_1_9' title="bbox 334 1459 1372 1559; baseline 0.001 -27"><span class='ocrx_word' id='word_1_60' title='bbox 334 1465 417 1545; x_wconf 90' lang='lat' dir='ltr'>Quo</span> <span class='ocrx_word' id='word_1_61' title='bbox 433 1479 549 1537; x_wconf 86' lang='lat' dir='ltr'>autern</span> <span class='ocrx_word' id='word_1_62' title='bbox 566 1465 662 1543; x_wconf 81' lang='lat' dir='ltr'>vobis</span> <span class='ocrx_word' id='word_1_63' title='bbox 678 1462 825 1549; x_wconf 85' lang='lat' dir='ltr'>constet,</span> <span class='ocrx_word' id='word_1_64' title='bbox 849 1464 997 1549; x_wconf 87' lang='lat' dir='ltr'>iudices,</span> <span class='ocrx_word' id='word_1_65' title='bbox 1022 1465 1161 1548; x_wconf 88' lang='lat' dir='ltr'>horum,</span> <span class='ocrx_word' id='word_1_66' title='bbox 1184 1459 1372 1559; x_wconf 76' lang='lat' dir='ltr'>qmedixi,</span> 
     </span>
     <span class='ocr_line' id='line_1_10' title="bbox 334 1558 1376 1665; baseline -0.002 -30"><span class='ocrx_word' id='word_1_67' title='bbox 334 1558 466 1657; x_wconf 76' lang='lat' dir='ltr'>fingula</span> <span class='ocrx_word' id='word_1_68' title='bbox 481 1590 638 1665; x_wconf 88' lang='lat' dir='ltr'>quaeque</span> <span class='ocrx_word' id='word_1_69' title='bbox 652 1591 732 1637; x_wconf 86' lang='lat' dir='ltr'>vere</span> <span class='ocrx_word' id='word_1_70' title='bbox 747 1592 838 1639; x_wconf 82' lang='lat' dir='ltr'>ame</span> <span class='ocrx_word' id='word_1_71' title='bbox 853 1560 941 1638; x_wconf 68' lang='lat' dir='ltr'>aaa</span> <span class='ocrx_word' id='word_1_72' title='bbox 953 1560 1039 1651; x_wconf 84' lang='lat' dir='ltr'>esse,</span> <span class='ocrx_word' id='word_1_73' title='bbox 1064 1568 1216 1663; x_wconf 87' lang='lat' dir='ltr'>primum</span> <span class='ocrx_word' id='word_1_74' title='bbox 1232 1566 1306 1635; x_wconf 87' lang='lat' dir='ltr'>cito</span> <span class='ocrx_word' id='word_1_75' title='bbox 1319 1576 1376 1633; x_wconf 71' lang='lat' dir='ltr'>tc·</span> 
     </span>
     <span class='ocr_line' id='line_1_11' title="bbox 333 1660 1372 1765; baseline 0.006 -28"><span class='ocrx_word' id='word_1_76' title='bbox 333 1660 409 1739; x_wconf 82' lang='lat' dir='ltr'>stes.</span> <span class='ocrx_word' id='word_1_77' title='bbox 441 1736 445 1745; x_wconf 86' lang='grc'>,</span> <span class='ocrx_word' id='word_1_78' title='bbox 468 1666 574 1763; x_wconf 73' lang='lat' dir='ltr'>Testes.</span> <span class='ocrx_word' id='word_1_79' title='bbox 630 1671 684 1741; x_wconf 88' lang='lat' dir='ltr'>Sic</span> <span class='ocrx_word' id='word_1_80' title='bbox 701 1664 760 1740; x_wconf 83' lang='lat' dir='ltr'>iste</span> <span class='ocrx_word' id='word_1_81' title='bbox 775 1667 915 1765; x_wconf 88' lang='lat' dir='ltr'>quidem</span> <span class='ocrx_word' id='word_1_82' title='bbox 932 1666 979 1741; x_wconf 89' lang='lat' dir='ltr'>illi</span> <span class='ocrx_word' id='word_1_83' title='bbox 993 1666 1175 1753; x_wconf 77' lang='lat' dir='ltr'>habebant,</span> <span class='ocrx_word' id='word_1_84' title='bbox 1189 1663 1372 1743; x_wconf 69' lang='lat' dir='ltr'>tenebant.</span> 
     </span>
     <span class='ocr_line' id='line_1_12' title="bbox 256 1766 1378 1868; baseline 0.003 -34"><span class='ocrx_word' id='word_1_85' title='bbox 256 1824 260 1834; x_wconf 89' lang='lat'><em>.</em></span> <span class='ocrx_word' id='word_1_86' title='bbox 335 1768 385 1837; x_wconf 93' lang='lat' dir='ltr'>Vt</span> <span class='ocrx_word' id='word_1_87' title='bbox 400 1782 515 1843; x_wconf 86' lang='lat' dir='ltr'>autem</span> <span class='ocrx_word' id='word_1_88' title='bbox 532 1768 672 1865; x_wconf 88' lang='lat' dir='ltr'>reliquis</span> <span class='ocrx_word' id='word_1_89' title='bbox 695 1793 838 1868; x_wconf 88' lang='lat' dir='ltr'>quoque</span> <span class='ocrx_word' id='word_1_90' title='bbox 860 1770 1075 1867; x_wconf 81' lang='lat' dir='ltr'>potirentur,</span> <span class='ocrx_word' id='word_1_91' title='bbox 1099 1767 1212 1841; x_wconf 82' lang='lat' dir='ltr'>‘statim</span> <span class='ocrx_word' id='word_1_92' title='bbox 1232 1766 1378 1862; x_wconf 83' lang='lat' dir='ltr'>incipie-</span> 
     </span>
     <span class='ocr_line' id='line_1_13' title="bbox 270 1853 1380 1968; baseline 0.001 -28"><span class='ocrx_word' id='word_1_93' title='bbox 270 1869 273 1877; x_wconf 78' lang='grc'><strong>’</strong></span> <span class='ocrx_word' id='word_1_94' title='bbox 335 1865 421 1942; x_wconf 87' lang='lat' dir='ltr'>bant</span> <span class='ocrx_word' id='word_1_95' title='bbox 436 1870 638 1957; x_wconf 84' lang='lat' dir='ltr'>machinari,</span> <span class='ocrx_word' id='word_1_96' title='bbox 662 1884 699 1943; x_wconf 89' lang='lat' dir='ltr'>et</span> <span class='ocrx_word' id='word_1_97' title='bbox 718 1895 794 1945; x_wconf 87' lang='lat' dir='ltr'>rem</span> <span class='ocrx_word' id='word_1_98' title='bbox 808 1853 899 1943; x_wconf 70' lang='lat' dir='ltr'>inter&#39;</span> <span class='ocrx_word' id='word_1_99' title='bbox 912 1869 945 1943; x_wconf 83' lang='lat' dir='ltr'>se</span> <span class='ocrx_word' id='word_1_100' title='bbox 961 1869 1206 1968; x_wconf 76' lang='lat' dir='ltr'>comparabant</span> <span class='ocrx_word' id='word_1_101' title='bbox 1213 1870 1380 1941; x_wconf 85' lang='lat' dir='ltr'>omnium</span> 
     </span>
     <span class='ocr_line' id='line_1_14' title="bbox 267 1966 1378 2071; baseline 0.004 -28"><span class='ocrx_word' id='word_1_102' title='bbox 267 1982 272 1999; x_wconf 79' lang='grc'><em>’</em></span> <span class='ocrx_word' id='word_1_103' title='bbox 336 1966 581 2059; x_wconf 76' lang='lat' dir='ltr'>foedissimam,</span> <span class='ocrx_word' id='word_1_104' title='bbox 630 1976 687 2047; x_wconf 87' lang='lat' dir='ltr'>cui</span> <span class='ocrx_word' id='word_1_105' title='bbox 720 1998 783 2045; x_wconf 82' lang='lat' dir='ltr'>vos</span> <span class='ocrx_word' id='word_1_106' title='bbox 813 1997 875 2071; x_wconf 87' lang='lat' dir='ltr'>per</span> <span class='ocrx_word' id='word_1_107' title='bbox 909 1969 957 2045; x_wconf 88' lang='lat' dir='ltr'>est</span> <span class='ocrx_word' id='word_1_108' title='bbox 992 1975 1147 2045; x_wconf 83' lang='lat' dir='ltr'>animum</span> <span class='ocrx_word' id='word_1_109' title='bbox 1186 1966 1378 2047; x_wconf 73' lang='lat' dir='ltr'>attendere.</span> 
     </span>
     <span class='ocr_line' id='line_1_15' title="bbox 229 2066 1377 2172; baseline -0.002 -27"><span class='ocrx_word' id='word_1_110' title='bbox 229 2122 235 2129; x_wconf 91' lang='lat'>-</span> <span class='ocrx_word' id='word_1_111' title='bbox 336 2066 528 2145; x_wconf 82' lang='lat' dir='ltr'>Cernentes</span> <span class='ocrx_word' id='word_1_112' title='bbox 560 2077 654 2151; x_wconf 88' lang='lat' dir='ltr'>enim</span> <span class='ocrx_word' id='word_1_113' title='bbox 675 2070 927 2146; x_wconf 73' lang='lat' dir='ltr'>Eustemooem</span> <span class='ocrx_word' id='word_1_114' title='bbox 948 2098 1031 2172; x_wconf 84' lang='lat' dir='ltr'>prae</span> <span class='ocrx_word' id='word_1_115' title='bbox 1052 2073 1145 2147; x_wconf 86' lang='lat' dir='ltr'>senio</span> <span class='ocrx_word' id='word_1_116' title='bbox 1166 2074 1222 2167; x_wconf 69' lang='lat' dir='ltr'>itai</span> <span class='ocrx_word' id='word_1_117' title='bbox 1235 2070 1377 2169; x_wconf 78' lang='lat' dir='ltr'>pr&#39;orsur</span> 
     </span>
     <span class='ocr_line' id='line_1_16' title="bbox 113 2156 1379 2277; baseline -0.001 -33"><span class='ocrx_word' id='word_1_118' title='bbox 113 2156 114 2229; x_wconf 64' lang='lat' dir='ltr'>i</span> <span class='ocrx_word' id='word_1_119' title='bbox 202 2265 209 2277; x_wconf 32' lang='grc' dir='ltr'><strong><em>Ι</em></strong></span> <span class='ocrx_word' id='word_1_120' title='bbox 338 2190 543 2247; x_wconf 89' lang='lat' dir='ltr'>eneruatum</span> <span class='ocrx_word' id='word_1_121' title='bbox 565 2192 602 2247; x_wconf 89' lang='lat' dir='ltr'>et</span> <span class='ocrx_word' id='word_1_122' title='bbox 622 2178 855 2262; x_wconf 76' lang='lat' dir='ltr'>exinanitum,</span> <span class='ocrx_word' id='word_1_123' title='bbox 877 2190 915 2245; x_wconf 82' lang='lat' dir='ltr'>rt</span> <span class='ocrx_word' id='word_1_124' title='bbox 936 2200 981 2247; x_wconf 88' lang='lat' dir='ltr'>ne</span> <span class='ocrx_word' id='word_1_125' title='bbox 1002 2172 1091 2250; x_wconf 70' lang='lat' dir='ltr'>sesto</span> <span class='ocrx_word' id='word_1_126' title='bbox 1114 2173 1254 2273; x_wconf 84' lang='lat' dir='ltr'>quidem</span> <span class='ocrx_word' id='word_1_127' title='bbox 1267 2170 1379 2247; x_wconf 74' lang='lat' dir='ltr'>resur·</span> 
     </span>
     <span class='ocr_line' id='line_1_17' title="bbox 337 2272 1378 2375; baseline -0.003 -28"><span class='ocrx_word' id='word_1_128' title='bbox 337 2298 377 2347; x_wconf 84' lang='lat' dir='ltr'>re</span> <span class='ocrx_word' id='word_1_129' title='bbox 395 2272 525 2373; x_wconf 83' lang='lat' dir='ltr'>posset,</span> <span class='ocrx_word' id='word_1_130' title='bbox 557 2276 812 2351; x_wconf 77' lang='lat' dir='ltr'>meditabantur</span> <span class='ocrx_word' id='word_1_131' title='bbox 841 2291 878 2355; x_wconf 83' lang='lat' dir='ltr'>et</span> <span class='ocrx_word' id='word_1_132' title='bbox 904 2277 1225 2375; x_wconf 79' lang='lat' dir='ltr'>circumspiciebant</span> <span class='ocrx_word' id='word_1_133' title='bbox 1247 2298 1378 2346; x_wconf 75' lang='lat' dir='ltr'>omnes</span> 
     </span>
     <span class='ocr_line' id='line_1_18' title="bbox 303 2375 1379 2477; baseline 0.001 -30"><span class='ocrx_word' id='word_1_134' title='bbox 303 2440 305 2447; x_wconf 28' lang='lat' dir='ltr'>s</span> <span class='ocrx_word' id='word_1_135' title='bbox 339 2378 484 2465; x_wconf 88' lang='lat' dir='ltr'>modos,</span> <span class='ocrx_word' id='word_1_136' title='bbox 506 2379 632 2477; x_wconf 85' lang='lat' dir='ltr'>quibus</span> <span class='ocrx_word' id='word_1_137' title='bbox 650 2380 719 2454; x_wconf 88' lang='lat' dir='ltr'>hoc</span> <span class='ocrx_word' id='word_1_138' title='bbox 735 2375 942 2468; x_wconf 79' lang='lat' dir='ltr'>efficeretur,</span> <span class='ocrx_word' id='word_1_139' title='bbox 963 2382 1001 2449; x_wconf 74' lang='lat' dir='ltr'>it</span> <span class='ocrx_word' id='word_1_140' title='bbox 1014 2378 1194 2453; x_wconf 78' lang='lat' dir='ltr'>facultases</span> <span class='ocrx_word' id='word_1_141' title='bbox 1212 2380 1299 2470; x_wconf 84' lang='lat' dir='ltr'>eius,</span> <span class='ocrx_word' id='word_1_142' title='bbox 1316 2375 1379 2448; x_wconf 81' lang='lat' dir='ltr'>vbi</span> 
     </span>
     <span class='ocr_line' id='line_1_19' title="bbox 198 2475 1382 2581; baseline 0.002 -30"><span class='ocrx_word' id='word_1_143' title='bbox 198 2476 209 2495; x_wconf 58' lang='lat'>‘&#39;</span> <span class='ocrx_word' id='word_1_144' title='bbox 339 2481 488 2551; x_wconf 83' lang='lat' dir='ltr'>animam</span> <span class='ocrx_word' id='word_1_145' title='bbox 504 2476 719 2569; x_wconf 75' lang='lat' dir='ltr'>reddidisset,</span> <span class='ocrx_word' id='word_1_146' title='bbox 751 2484 788 2555; x_wconf 90' lang='lat' dir='ltr'>in</span> <span class='ocrx_word' id='word_1_147' title='bbox 808 2476 975 2581; x_wconf 86' lang='lat' dir='ltr'>potestate</span> <span class='ocrx_word' id='word_1_148' title='bbox 994 2479 1052 2553; x_wconf 80' lang='lat' dir='ltr'>sur</span> <span class='ocrx_word' id='word_1_149' title='bbox 1060 2476 1175 2565; x_wconf 77' lang='lat' dir='ltr'>essent</span> <span class='ocrx_word' id='word_1_150' title='bbox 1190 2475 1382 2554; x_wconf 74' lang='lat' dir='ltr'>uniuersae.</span> 
     </span>
     <span class='ocr_line' id='line_1_20' title="bbox 217 2581 1381 2681; baseline 0 -29"><span class='ocrx_word' id='word_1_151' title='bbox 217 2583 238 2634; x_wconf 73' lang='lat'>&#39;·</span> <span class='ocrx_word' id='word_1_152' title='bbox 337 2583 431 2664; x_wconf 88' lang='lat' dir='ltr'>Quid</span> <span class='ocrx_word' id='word_1_153' title='bbox 445 2607 528 2677; x_wconf 78' lang='lat' dir='ltr'>ergo</span> <span class='ocrx_word' id='word_1_154' title='bbox 546 2581 751 2657; x_wconf 81' lang='lat' dir='ltr'>instituunt?</span> <span class='ocrx_word' id='word_1_155' title='bbox 776 2581 950 2655; x_wconf 86' lang='lat' dir='ltr'>Deserunt</span> <span class='ocrx_word' id='word_1_156' title='bbox 966 2584 1093 2656; x_wconf 85' lang='lat' dir='ltr'>horum</span> <span class='ocrx_word' id='word_1_157' title='bbox 1113 2583 1223 2656; x_wconf 90' lang='lat' dir='ltr'>duum</span> <span class='ocrx_word' id='word_1_158' title='bbox 1239 2605 1381 2681; x_wconf 65' lang='lat' dir='ltr'>¹puero-</span> 
     </span>
     <span class='ocr_line' id='line_1_21' title="bbox 338 2681 1384 2782; baseline -0.001 -28"><span class='ocrx_word' id='word_1_159' title='bbox 338 2707 417 2754; x_wconf 87' lang='lat' dir='ltr'>rum</span> <span class='ocrx_word' id='word_1_160' title='bbox 434 2689 577 2759; x_wconf 89' lang='lat' dir='ltr'>nomina</span> <span class='ocrx_word' id='word_1_161' title='bbox 589 2681 631 2758; x_wconf 93' lang='lat' dir='ltr'>ad</span> <span class='ocrx_word' id='word_1_162' title='bbox 647 2686 880 2774; x_wconf 85' lang='lat' dir='ltr'>Archontem,</span> <span class='ocrx_word' id='word_1_163' title='bbox 904 2685 1000 2756; x_wconf 81' lang='lat' dir='ltr'>reiut</span> <span class='ocrx_word' id='word_1_164' title='bbox 1014 2684 1275 2782; x_wconf 79' lang='lat' dir='ltr'>adoptatorum,</span> <span class='ocrx_word' id='word_1_165' title='bbox 1289 2707 1384 2781; x_wconf 88' lang='lat' dir='ltr'>quo-</span> 
     </span>
     <span class='ocr_line' id='line_1_22' title="bbox 337 2783 1380 2878; baseline 0 -20"><span class='ocrx_word' id='word_1_166' title='bbox 337 2808 419 2858; x_wconf 83' lang='lat' dir='ltr'>rum</span> <span class='ocrx_word' id='word_1_167' title='bbox 440 2785 586 2872; x_wconf 77' lang='lat' dir='ltr'>alterurn</span> <span class='ocrx_word' id='word_1_168' title='bbox 615 2791 724 2878; x_wconf 84' lang='lat' dir='ltr'>[natu</span> <span class='ocrx_word' id='word_1_169' title='bbox 740 2790 931 2876; x_wconf 85' lang='lat' dir='ltr'>maiorem]</span> <span class='ocrx_word' id='word_1_170' title='bbox 955 2786 1040 2858; x_wconf 85' lang='lat' dir='ltr'>aster</span> <span class='ocrx_word' id='word_1_171' title='bbox 1055 2783 1380 2866; x_wconf 69' lang='lat' dir='ltr'>Eudiemonissriiur</span> 
     </span>
     <span class='ocr_line' id='line_1_23' title="bbox 327 2881 1381 2981; baseline 0.001 -24"><span class='ocrx_word' id='word_1_172' title='bbox 327 2881 628 2980; x_wconf 65' lang='lat' dir='ltr'>{Philosiemon}</span> <span class='ocrx_word' id='word_1_173' title='bbox 641 2891 709 2960; x_wconf 86' lang='lat' dir='ltr'>iam</span> <span class='ocrx_word' id='word_1_174' title='bbox 723 2883 915 2973; x_wconf 76' lang='lat' dir='ltr'>desunsdus,</span> <span class='ocrx_word' id='word_1_175' title='bbox 935 2888 1086 2960; x_wconf 85' lang='lat' dir='ltr'>alterum</span> <span class='ocrx_word' id='word_1_176' title='bbox 1099 2889 1315 2981; x_wconf 84' lang='lat' dir='ltr'>[minorem]</span> <span class='ocrx_word' id='word_1_177' title='bbox 1330 2888 1381 2958; x_wconf 90' lang='lat' dir='ltr'>as-</span> 
     </span>
     <span class='ocr_line' id='line_1_24' title="bbox 275 2986 1381 3088; baseline -0.003 -26"><span class='ocrx_word' id='word_1_178' title='bbox 275 3053 278 3062; x_wconf 94' lang='lat'><em>.</em></span> <span class='ocrx_word' id='word_1_179' title='bbox 338 2999 395 3058; x_wconf 89' lang='lat' dir='ltr'>ter</span> <span class='ocrx_word' id='word_1_180' title='bbox 409 2989 564 3062; x_wconf 75' lang='lat' dir='ltr'>eiusdem</span> <span class='ocrx_word' id='word_1_181' title='bbox 579 2986 669 3062; x_wconf 86' lang='lat' dir='ltr'>filius</span> <span class='ocrx_word' id='word_1_182' title='bbox 690 2990 928 3084; x_wconf 80' lang='lat' dir='ltr'>[Ergamenee]</span> <span class='ocrx_word' id='word_1_183' title='bbox 938 2991 1023 3070; x_wconf 89' lang='lat' dir='ltr'>item</span> <span class='ocrx_word' id='word_1_184' title='bbox 1033 2987 1212 3062; x_wconf 63' lang='lat' dir='ltr'>defundes</span> <span class='ocrx_word' id='word_1_185' title='bbox 1225 2986 1381 3088; x_wconf 74' lang='lat' dir='ltr'>adoptrs·</span> 
     </span>
     <span class='ocr_line' id='line_1_25' title="bbox 297 3085 1382 3191; baseline 0.003 -30"><span class='ocrx_word' id='word_1_186' title='bbox 297 3099 299 3104; x_wconf 81' lang='grc'>’</span> <span class='ocrx_word' id='word_1_187' title='bbox 331 3085 435 3176; x_wconf 86' lang='lat' dir='ltr'>.sent;</span> <span class='ocrx_word' id='word_1_188' title='bbox 459 3105 505 3178; x_wconf 92' lang='lat' dir='ltr'>et,</span> <span class='ocrx_word' id='word_1_189' title='bbox 519 3089 710 3188; x_wconf 87' lang='lat' dir='ltr'>quiasemet</span> <span class='ocrx_word' id='word_1_190' title='bbox 722 3089 784 3191; x_wconf 84' lang='lat' dir='ltr'>ipsr</span> <span class='ocrx_word' id='word_1_191' title='bbox 792 3107 926 3176; x_wconf 79' lang='lat' dir='ltr'>tutores</span> <span class='ocrx_word' id='word_1_192' title='bbox 935 3091 1301 3189; x_wconf 82' lang='lat' dir='ltr'>puerommserebrnt,</span> <span class='ocrx_word' id='word_1_193' title='bbox 1315 3094 1382 3164; x_wconf 78' lang='lat' dir='ltr'>Ar·</span> 
     </span>
     <span class='ocr_line' id='line_1_26' title="bbox 341 3190 1382 3293; baseline 0.002 -33"><span class='ocrx_word' id='word_1_194' title='bbox 341 3190 467 3262; x_wconf 89' lang='lat' dir='ltr'>chonti</span> <span class='ocrx_word' id='word_1_195' title='bbox 492 3191 711 3280; x_wconf 75' lang='lat' dir='ltr'>mandabant,</span> <span class='ocrx_word' id='word_1_196' title='bbox 746 3208 785 3265; x_wconf 83' lang='lat' dir='ltr'>vt</span> <span class='ocrx_word' id='word_1_197' title='bbox 805 3191 1260 3293; x_wconf 80' lang='lat' dir='ltr'>substantiamtpuerorum,</span> <span class='ocrx_word' id='word_1_198' title='bbox 1278 3191 1382 3264; x_wconf 81' lang='lat' dir='ltr'>velut</span> 
     </span>
     <span class='ocr_line' id='line_1_27' title="bbox 195 3293 1381 3392; baseline 0.003 -29"><span class='ocrx_word' id='word_1_199' title='bbox 195 3296 203 3317; x_wconf 85' lang='lat'><strong><em>‘</em></strong></span> <span class='ocrx_word' id='word_1_200' title='bbox 330 3293 538 3378; x_wconf 82' lang='lat' dir='ltr'>orborum,</span> <span class='ocrx_word' id='word_1_201' title='bbox 551 3294 709 3382; x_wconf 84' lang='lat' dir='ltr'>elocaret,</span> <span class='ocrx_word' id='word_1_202' title='bbox 734 3296 785 3385; x_wconf 89' lang='lat' dir='ltr'>[h.</span> <span class='ocrx_word' id='word_1_203' title='bbox 802 3323 831 3374; x_wconf 88' lang='lat' dir='ltr'>e.</span> <span class='ocrx_word' id='word_1_204' title='bbox 841 3293 1068 3392; x_wconf 86' lang='lat' dir='ltr'>proscriberet</span> <span class='ocrx_word' id='word_1_205' title='bbox 1083 3295 1281 3384; x_wconf 78' lang='lat' dir='ltr'>elocab&#39;des]</span> <span class='ocrx_word' id='word_1_206' title='bbox 1303 3319 1381 3392; x_wconf 87' lang='lat' dir='ltr'>quo</span> 
     </span>
     <span class='ocr_line' id='line_1_28' title="bbox 329 3385 1383 3490; baseline 0.008 -30"><span class='ocrx_word' id='word_1_207' title='bbox 329 3385 403 3470; x_wconf 76' lang='lat' dir='ltr'>,sub</span> <span class='ocrx_word' id='word_1_208' title='bbox 418 3417 607 3490; x_wconf 84' lang='lat' dir='ltr'>puerorum</span> <span class='ocrx_word' id='word_1_209' title='bbox 624 3399 767 3470; x_wconf 88' lang='lat' dir='ltr'>nomine</span> <span class='ocrx_word' id='word_1_210' title='bbox 789 3395 965 3470; x_wconf 90' lang='lat' dir='ltr'>bonorum</span> <span class='ocrx_word' id='word_1_211' title='bbox 986 3397 1049 3470; x_wconf 83' lang='lat' dir='ltr'>asia</span> <span class='ocrx_word' id='word_1_212' title='bbox 1061 3397 1257 3483; x_wconf 84' lang='lat' dir='ltr'>mercedem</span> <span class='ocrx_word' id='word_1_213' title='bbox 1278 3399 1383 3468; x_wconf 85' lang='lat' dir='ltr'>meri·</span> 
     </span>
     <span class='ocr_line' id='line_1_29' title="bbox 250 3494 1382 3599; baseline 0.005 -35"><span class='ocrx_word' id='word_1_214' title='bbox 250 3515 277 3564; x_wconf 56' lang='grc' dir='ltr'><em>Α</em></span> <span class='ocrx_word' id='word_1_215' title='bbox 339 3497 419 3563; x_wconf 82' lang='lat' dir='ltr'>tura</span> <span class='ocrx_word' id='word_1_216' title='bbox 434 3494 664 3587; x_wconf 71' lang='lat' dir='ltr'>docerentur,</span> <span class='ocrx_word' id='word_1_217' title='bbox 686 3499 748 3571; x_wconf 88' lang='lat' dir='ltr'>alia</span> <span class='ocrx_word' id='word_1_218' title='bbox 761 3513 925 3595; x_wconf 76' lang='lat' dir='ltr'>tanqurm</span> <span class='ocrx_word' id='word_1_219' title='bbox 940 3495 1053 3571; x_wconf 80' lang='lat' dir='ltr'>debita</span> <span class='ocrx_word' id='word_1_220' title='bbox 1069 3502 1190 3599; x_wconf 78' lang='lat' dir='ltr'>pueris·</span> <span class='ocrx_word' id='word_1_221' title='bbox 1201 3523 1267 3597; x_wconf 89' lang='lat' dir='ltr'>pro</span> <span class='ocrx_word' id='word_1_222' title='bbox 1282 3521 1382 3571; x_wconf 91' lang='lat' dir='ltr'>com·</span> 
     </span>
     <span class='ocr_line' id='line_1_30' title="bbox 277 3594 1382 3700; baseline 0.008 -36"><span class='ocrx_word' id='word_1_223' title='bbox 277 3659 281 3664; x_wconf 88' lang='lat'><em>.</em></span> <span class='ocrx_word' id='word_1_224' title='bbox 307 3629 310 3633; x_wconf 94' lang='lat'>·</span> <span class='ocrx_word' id='word_1_225' title='bbox 338 3594 480 3668; x_wconf 76' lang='lat' dir='ltr'>mndata</span> <span class='ocrx_word' id='word_1_226' title='bbox 497 3602 664 3696; x_wconf 85' lang='lat' dir='ltr'>pecunia,</span> <span class='ocrx_word' id='word_1_227' title='bbox 685 3597 941 3688; x_wconf 74' lang='lat' dir='ltr'>aestimarentur</span> <span class='ocrx_word' id='word_1_228' title='bbox 953 3614 1058 3698; x_wconf 82' lang='lat' dir='ltr'>atque</span> <span class='ocrx_word' id='word_1_229' title='bbox 1077 3599 1156 3700; x_wconf 79' lang='lat' dir='ltr'>ipfir</span> <span class='ocrx_word' id='word_1_230' title='bbox 1176 3595 1382 3697; x_wconf 73' lang='lat' dir='ltr'>assignaren-</span> 
     </span>
     <span class='ocr_line' id='line_1_31' title="bbox 112 3687 1383 3802; baseline -0.002 -30"><span class='ocrx_word' id='word_1_231' title='bbox 112 3763 113 3772; x_wconf 72' lang='grc'>,</span> <span class='ocrx_word' id='word_1_232' title='bbox 176 3762 182 3768; x_wconf 97' lang='grc'><em>.</em></span> <span class='ocrx_word' id='word_1_233' title='bbox 219 3687 224 3704; x_wconf 82' lang='grc'><em>’</em></span> <span class='ocrx_word' id='word_1_234' title='bbox 282 3705 400 3798; x_wconf 56' lang='lat' dir='ltr'>..Jfiur</span> <span class='ocrx_word' id='word_1_235' title='bbox 426 3723 490 3795; x_wconf 89' lang='lat' dir='ltr'>pro</span> <span class='ocrx_word' id='word_1_236' title='bbox 516 3699 729 3800; x_wconf 86' lang='lat' dir='ltr'>hypotheca,</span> <span class='ocrx_word' id='word_1_237' title='bbox 754 3701 892 3800; x_wconf 83' lang='lat' dir='ltr'>palique</span> <span class='ocrx_word' id='word_1_238' title='bbox 915 3698 1127 3794; x_wconf 83' lang='lat' dir='ltr'>figerentur,</span> <span class='ocrx_word' id='word_1_239' title='bbox 1153 3701 1279 3802; x_wconf 73' lang='lat' dir='ltr'>quihus</span> <span class='ocrx_word' id='word_1_240' title='bbox 1293 3701 1383 3775; x_wconf 82' lang='lat' dir='ltr'>desi.</span> 
     </span>
     <span class='ocr_line' id='line_1_32' title="bbox 237 3801 1381 3902; baseline 0.01 -38"><span class='ocrx_word' id='word_1_241' title='bbox 237 3855 242 3864; x_wconf 91' lang='grc'><strong><em>,</em></strong></span> <span class='ocrx_word' id='word_1_242' title='bbox 337 3813 491 3888; x_wconf 78' lang='lat' dir='ltr'>gnantur</span> <span class='ocrx_word' id='word_1_243' title='bbox 507 3817 543 3876; x_wconf 86' lang='lat' dir='ltr'>ct</span> <span class='ocrx_word' id='word_1_244' title='bbox 558 3801 867 3902; x_wconf 83' lang='lat' dir='ltr'>circumsepiuntur</span> <span class='ocrx_word' id='word_1_245' title='bbox 882 3803 976 3874; x_wconf 88' lang='lat' dir='ltr'>bona</span> <span class='ocrx_word' id='word_1_246' title='bbox 987 3806 1022 3879; x_wconf 90' lang='lat' dir='ltr'>in</span> <span class='ocrx_word' id='word_1_247' title='bbox 1038 3803 1275 3902; x_wconf 75' lang='lat' dir='ltr'>hypothecam</span> <span class='ocrx_word' id='word_1_248' title='bbox 1288 3804 1381 3897; x_wconf 73' lang='lat' dir='ltr'>datr,</span> 
     </span>
     <span class='ocr_line' id='line_1_33' title="bbox 160 3901 1381 4070; baseline 0.011 -103"><span class='ocrx_word' id='word_1_249' title='bbox 160 3924 164 3932; x_wconf 95' lang='lat'>·</span> <span class='ocrx_word' id='word_1_250' title='bbox 265 3951 269 3960; x_wconf 86' lang='lat'><em>.</em></span> <span class='ocrx_word' id='word_1_251' title='bbox 315 3921 429 4070; x_wconf 59' lang='lat' dir='ltr'>»apae</span> <span class='ocrx_word' id='word_1_252' title='bbox 452 3901 599 3988; x_wconf 76' lang='lat' dir='ltr'>uendere</span> <span class='ocrx_word' id='word_1_253' title='bbox 612 3929 684 3977; x_wconf 92' lang='lat' dir='ltr'>non</span> <span class='ocrx_word' id='word_1_254' title='bbox 701 3904 800 3992; x_wconf 71' lang='lat' dir='ltr'>licet3</span> <span class='ocrx_word' id='word_1_255' title='bbox 824 3920 861 3977; x_wconf 91' lang='lat' dir='ltr'>et</span> <span class='ocrx_word' id='word_1_256' title='bbox 885 3901 1105 3978; x_wconf 69' lang='lat' dir='ltr'>Eustomene</span> <span class='ocrx_word' id='word_1_257' title='bbox 1122 3908 1236 3982; x_wconf 83' lang='lat' dir='ltr'>adhuc</span> <span class='ocrx_word' id='word_1_258' title='bbox 1260 3906 1381 4005; x_wconf 87' lang='lat' dir='ltr'>super·</span> 
     </span>
     <span class='ocr_line' id='line_1_34' title="bbox 190 3999 1378 4108; baseline 0.011 -41"><span class='ocrx_word' id='word_1_259' title='bbox 190 4005 193 4012; x_wconf 87' lang='lat'>&#39;</span> <span class='ocrx_word' id='word_1_260' title='bbox 366 4000 431 4087; x_wconf 76' lang='lat' dir='ltr'>te,</span> <span class='ocrx_word' id='word_1_261' title='bbox 447 3999 745 4106; x_wconf 71' lang='lat' dir='ltr'>condustoresper</span> <span class='ocrx_word' id='word_1_262' title='bbox 761 4001 1378 4108; x_wconf 66' lang='lat' dir='ltr'>cumsasii,retiigasiabonorum,ipfi</span> 
     </span>
     <span class='ocr_line' id='line_1_35' title="bbox 330 4101 1379 4209; baseline 0.013 -39"><span class='ocrx_word' id='word_1_263' title='bbox 330 4102 567 4200; x_wconf 86' lang='lat' dir='ltr'>perciperent.</span> <span class='ocrx_word' id='word_1_264' title='bbox 615 4110 658 4178; x_wconf 85' lang='lat' dir='ltr'>Et</span> <span class='ocrx_word' id='word_1_265' title='bbox 673 4101 943 4207; x_wconf 83' lang='lat' dir='ltr'>quamprimum</span> <span class='ocrx_word' id='word_1_266' title='bbox 960 4110 1139 4208; x_wconf 68' lang='lat' dir='ltr'>tribunalia</span> <span class='ocrx_word' id='word_1_267' title='bbox 1153 4109 1379 4209; x_wconf 74' lang='lat' dir='ltr'>compleban-</span> 
     </span>
     <span class='ocr_line' id='line_1_36' title="bbox 331 4205 1379 4306; baseline 0.012 -34"><span class='ocrx_word' id='word_1_268' title='bbox 331 4215 409 4288; x_wconf 84' lang='lat' dir='ltr'>tur,</span> <span class='ocrx_word' id='word_1_269' title='bbox 442 4207 571 4278; x_wconf 82' lang='lat' dir='ltr'>archon</span> <span class='ocrx_word' id='word_1_270' title='bbox 593 4209 731 4306; x_wconf 86' lang='lat' dir='ltr'>quidem</span> <span class='ocrx_word' id='word_1_271' title='bbox 753 4211 844 4282; x_wconf 90' lang='lat' dir='ltr'>bona</span> <span class='ocrx_word' id='word_1_272' title='bbox 871 4205 1113 4305; x_wconf 60' lang='lat' dir='ltr'>Eudemonis,</span> <span class='ocrx_word' id='word_1_273' title='bbox 1136 4229 1175 4287; x_wconf 80' lang='lat' dir='ltr'>rt</span> <span class='ocrx_word' id='word_1_274' title='bbox 1198 4213 1379 4302; x_wconf 69' lang='lat' dir='ltr'>esocahisic</span> 
     </span>
     <span class='ocr_line' id='line_1_37' title="bbox 240 4310 1377 4414; baseline 0.012 -42"><span class='ocrx_word' id='word_1_275' title='bbox 240 4363 243 4372; x_wconf 92' lang='lat'><em>.</em></span> <span class='ocrx_word' id='word_1_276' title='bbox 321 4325 419 4395; x_wconf 63' lang='lat' dir='ltr'>,voce</span> <span class='ocrx_word' id='word_1_277' title='bbox 433 4310 615 4407; x_wconf 83' lang='lat' dir='ltr'>praeconia</span> <span class='ocrx_word' id='word_1_278' title='bbox 630 4311 892 4413; x_wconf 76' lang='lat' dir='ltr'>promulgabat,</span> <span class='ocrx_word' id='word_1_279' title='bbox 915 4314 953 4389; x_wconf 86' lang='lat' dir='ltr'>hi</span> <span class='ocrx_word' id='word_1_280' title='bbox 966 4339 1048 4390; x_wconf 80' lang='lat' dir='ltr'>vero</span> <span class='ocrx_word' id='word_1_281' title='bbox 1064 4312 1291 4404; x_wconf 68' lang='lat' dir='ltr'>cordatiores</span> <span class='ocrx_word' id='word_1_282' title='bbox 1306 4339 1377 4414; x_wconf 87' lang='lat' dir='ltr'>pro</span> 
     </span>
     <span class='ocr_line' id='line_1_38' title="bbox 949 4440 1376 4498; baseline -0.005 -8"><span class='ocrx_word' id='word_1_283' title='bbox 949 4443 955 4451; x_wconf 91' lang='lat'><strong>·</strong></span> <span class='ocrx_word' id='word_1_284' title='bbox 1195 4475 1202 4498; x_wconf 80' lang='grc'><em>,</em></span> <span class='ocrx_word' id='word_1_285' title='bbox 1241 4440 1376 4490; x_wconf 84' lang='lat' dir='ltr'>mercc-</span> 
     </span>
    </p>
   </div>
   <div class='ocr_carea' id='block_1_3' title="bbox 0 0 1560 5150">
    <p class='ocr_par' dir='ltr' id='par_1_3' title="bbox 0 0 1560 5150">
     <span class='ocr_line' id='line_1_39' title="bbox 0 0 1560 5150; baseline 0 0"><span class='ocrx_word' id='word_1_286' title='bbox 0 0 1560 5150; x_wconf 95' lang='lat' dir='ltr'> </span> 
     </span>
    </p>
   </div>
  </div>
 </body>
</html>
