3075 5150
193 535 277 630 ’κ
369 557 467 700 5¹47
553 531 1188 698 1sAn'16niT10x.sv1>an
1228 595 1383 710 aima

373 757 528 854 mentem
538 770 650 856 *tribue
669 771 780 846 verbis
796 792 1027 862 reuocauero,
1057 751 1253 867 vestraeqde
1268 793 1388 846 memo·

196 965 201 972 ,
375 885 444 955 riae
460 897 625 976 tanquam
642 869 927 970 fidecommissum
941 867 1051 944 sanste
1060 869 1258 944 seruandum
1265 870 1390 953 deman·

280 1012 284 1020 ¹
313 995 315 1000 ’
378 983 521 1068 danem,
553 979 594 1050 ad
613 977 811 1062 refutanda,
841 1000 928 1075 quae
941 971 1139 1072 supersunt,
1165 974 1295 1071 reliqna
1305 999 1390 1049 meae

379 1081 600 1158 accusationis
614 1082 724 1176 capita
738 1074 946 1177 progrediar.
993 1073 1133 1172 Ecquod
1146 1077 1250 1173 igitur
1256 1073 1392 1161 issudest,

380 1183 475 1286 quod
491 1183 584 1269 dico,
608 1181 684 1252 ius?
708 1194 744 1250 et
759 1201 906 1277 quanam
922 1199 988 1269 ego
1005 1171 1215 1248 dissinssione
1228 1193 1304 1250 rena
1313 1178 1392 1250 hanc

194 1337 197 1365 t
265 1349 271 1358 .
381 1281 535 1360 definio?
560 1291 564 1295 ’
585 1279 718 1378 Pupilla
741 1279 838 1362 siait
862 1276 1111 1370 [aduersarius]
1135 1293 1334 1376 competere
1347 1283 1392 1350 ius
1414 1354 1415 1379 ἒ

351 1403 354 1418 ¹
381 1387 424 1461 ad
444 1381 666 1457 hereditatem
689 1385 845 1475 Hagniae
868 1407 908 1452 ex
937 1379 1039 1452 titulo
1055 1381 1334 1478 propinquitatis,
1358 1379 1415 1453 sei

299 1554 303 1560 ,
381 1483 515 1564 missem
531 1484 572 1556 ab
590 1485 767 1556 Archonte
780 1485 902 1582 petito.
952 1485 1065 1564 Quam
1082 1477 1180 1551 sivos
1195 1483 1245 1571 ei,·
1269 1482 1395 1565 iudices,

383 1589 550 1676 sententia
565 1583 668 1658 vestra
683 1583 892 1679 addixeritis,
919 1585 1042 1681 capito,
1067 1581 1203 1654 habeto.
1253 1583 1307 1654 Sic
1315 1586 1396 1655 enim

382 1689 458 1764 fieri
469 1690 567 1781 seges
582 1689 691 1785 praeci
715 1679 804 1760 iunt.
853 1688 910 1756 Sin
937 1699 1052 1784 antem
1075 1708 1116 1754 ex
1138 1683 1208 1755 hoc
1226 1683 1329 1756 titulo
1349 1704 1417 1781 pe:

383 1805 460 1864 tere
474 1787 645 1876 recusans,
671 1713 869 1860 asseuerabit
881 1811 939 1858 me
952 1785 1228 1882 pupillopartem
1235 1785 1397 1858 dimidiam

384 1887 573 1994 promisisse
587 1887 858 1988 impertiendam,
882 1891 957 1959 iure
972 1909 1114 1958 mecum
1121 1890 1306 1986 expetitor.
1327 1893 1397 1970 Qua
1415 1920 1416 1945 i

380 1990 503 2080 sesto,
527 1991 588 2064 nbi
610 2016 693 2078 me,
730 1990 913 2087 negantem
934 1987 969 2060 id
994 2015 1012 2060 a
1034 2013 1091 2060 me
1113 1985 1315 2086 promissum
1332 1986 1416 2074 esse,¹

384 2093 595 2188 coargueiit,
630 2093 772 2164 omnino
796 2114 852 2162 me
875 2113 950 2162 eam
969 2093 1005 2162 in
1018 2087 1203 2162 formulam
1217 2085 1396 2180 condixisse,
1416 2140 1418 2181 3

384 2211 465 2280 tum
482 2195 623 2266 demum
642 2187 805 2264 semissem
821 2191 1019 2264 hereditatis
1034 2216 1124 2264 ame
1138 2185 1330 2266 condidam
1346 2195 1399 2264 exi·
1416 2234 1417 2283 p

360 2291 365 2298 ’
387 2301 470 2392 gito.
519 2298 573 2366 Sic
590 2297 683 2366 enim
698 2319 847 2392 aequum
863 2307 899 2366 et
914 2289 1039 2367 iustum
1056 2290 1111 2364 css.
1160 2296 1218 2364 Sin
1226 2311 1341 2366 autem
1348 2319 1398 2392 pu·

386 2399 472 2498 pisso
497 2408 599 2489 negat
620 2391 787 2468 astionem
810 2397 847 2484 in
861 2419 919 2466 me
937 2390 1020 2483 esse,
1048 2420 1162 2493 neque
1178 2422 1218 2468 ex
1231 2397 1335 2468 titulo
1350 2397 1397 2466 he·

312 2567 314 2571 ,
386 2498 557 2588 reditatis,
585 2521 699 2595 neque
722 2523 761 2568 ex
785 2496 888 2569 titulo
912 2495 1001 2568 mase
1015 2493 1125 2589 gestae
1137 2497 1283 2585 tutelae,
1301 2487 1398 2591 segem

387 2604 537 2675 indicato
561 2597 595 2670 id
615 2614 812 2686 vetantem3
842 2613 878 2669 et
897 2598 1047 2670 indicare
1068 2595 1289 2689 finabuerit,
1311 2599 1418 2672 etiami

311 2744 315 2753 ·
389 2704 460 2776 hoc
481 2696 581 2799 pasto
604 2699 722 2773 licebit
745 2695 911 2771 semissem
935 2699 1130 2771 hereditatis
1154 2726 1246 2773 ame
1260 2693 1418 2773 maesse*

277 2871 279 2877 .
321 2864 327 2887 ,
383 2820 448 2879 rat.
495 2805 554 2874 Sin
569 2816 688 2872 autem
713 2801 887 2898 pupillum
906 2800 1027 2873 decere
1041 2800 1197 2895 negabit,
1221 2802 1340 2877 atsiue
1353 2804 1400 2875 he

341 2992 346 3001 ¹
387 2904 540 2981 reditatis
562 2897 726 2975 semissem
749 2904 785 2975 in
806 2905 881 2977 iure
896 2917 1008 2999 petat,
1039 2899 1109 2973 sue
1124 2906 1257 3000 priuata
1272 2904 1332 2977 lite
1342 2903 1418 2975 me‘

376 3032 472 3082 cum
487 3004 530 3075 de
545 3029 616 3074 non
633 3004 764 3075 seruato'
782 3001 945 3101 promisso
964 3004 1164 3093 contendat,
1186 3004 1251 3078 sed
1266 3006 1399 3079 aietvni·

280 3104 285 3111 ’
385 3108 482 3183 uersa
504 3108 658 3197 Hagniae
684 3105 775 3177 bona
792 3104 962 3202 ipfiusde
981 3108 1058 3177 iure
1080 3101 1163 3194 esse,
1188 3104 1283 3180 adsto
1297 3109 1337 3180 ad
1351 3114 1399 3177 Ar-

307 3269 313 3281 ,
386 3211 572 3293 chantem,
597 3208 697 3303 eique
711 3201 829 3291 auster
843 3202 931 3293 asto,
955 3223 993 3276 vt
1006 3206 1099 3279 bona
1112 3212 1269 3301 Hagniae
1281 3212 1317 3283 in
1329 3208 1401 3281 indi·

387 3315 463 3385 cem
477 3308 661 3413 ¹bonorum
679 3308 782 3379 huius
804 3311 904 3407 pueri
917 3306 1059 3395 inserat,
1076 3309 1185 3406 eique
1199 3303 1335 3399 elucet,¹
1349 3310 1398 3406 qui

384 3414 478 3487 bona
500 3412 599 3506 pueri
619 3408 778 3480 mercede
800 3405 968 3507 candussa
982 3408 1110 3495 'habet3
1136 3426 1213 3485 tum
1231 3412 1273 3485 ed
1288 3438 1341 3484 me
1352 3412 1400 3481 hic

383 3506 576 3587 conditior
589 3508 711 3581 locaris
727 3507 918 3589 austerendi
931 3510 1026 3582 causa
1042 3513 1173 3590 venito.
1220 3509 1399 3587 Psmahaec

382 3616 510 3689 sunt-et
527 3611 702 3685 luculenta
713 3608 896 3708 postulata,
926 3636 1007 3683 cum
1029 3611 1226 3711 'aequisfimo
1241 3619 1316 3689 iure
1330 3640 1399 3687 con·

381 3714 577 3801 sentientia,
611 3711 787 3809 valideque
799 3710 1002 3807 stn'ngentia
1051 3718 1149 3787 Haec
1166 3716 1398 3811 alegibusim·

255 3898 260 3905 ,
379 3829 562 3919 parantem,
592 3816 793 3909 neutiquam
814 3830 946 3903 autem,
978 3818 1028 3885 ita
1050 3814 1315 3905 mediusfidius,
1334 3820 1398 3914 qui·

298 3916 300 3920 ’
378 3920 444 4013 bus
471 3918 513 3987 de
536 3912 638 3985 rebus
661 3910 810 3988 essiones
830 3921 980 4013 priuatas
1002 3912 1068 3986 esse
1092 3917 1266 4011 legislator
1286 3920 1397 4003 voluit,

246 4006 287 4049 '⁸
362 4026 433 4094 'eas
447 4016 591 4114 publicis
615 4034 848 4109 commutare,
879 4043 991 4115 neque
1015 4043 1072 4088 me
1086 4017 1261 4091 maiestatis
1278 4018 1396 4093 accust-

232 4190 234 4208 ,
254 4172 258 4177 -
371 4147 433 4211 re,
455 4142 570 4217 neque
585 4104 622 4187 in
638 4116 815 4190 discrimen
833 4122 950 4216 capitis
966 4134 1002 4190 et
1013 4117 1234 4195 fortunarum
1247 4122 1394 4194 omnium

1298 4220 1394 4295 dedu·
