3075 5150
271 598 279 609 -
319 525 409 662 '386
518 556 659 631 rsnur
686 520 972 634 onnrrosi.
1008 542 1188 642 svrrn,
1269 578 1355 658 321.

327 732 459 817 ¹retides
477 742 570 812 enim
586 736 654 839 ipse
668 736 793 811 fassum
811 732 1012 836 infitiatum.)
1041 742 1082 815 ab
1107 768 1149 815 eo
1173 755 1289 816 autem
1312 746 1363 817 vi·

337 870 394 930 ro,
414 846 474 942 qui
489 843 655 914 eiusmodi
671 842 849 914 mulierem
864 842 922 916 srbi
932 844 1131 943 desponderi
1144 862 1288 931 curaret,
1306 846 1365 919 ad·

338 962 482 1020 uocatos
498 944 530 1017 se
548 942 751 1041 sponsalibus
768 942 956 1017 interfuisse
976 950 1071 1018 aiunt
1092 946 1306 1043 Lysrm'eoes,
1329 961 1368 1021 et

340 1048 460 1123 fratres
478 1049 566 1129 eius,
587 1047 723 1117 Charon
741 1061 777 1115 et
793 1046 942 1141 Pylades.
1016 1053 1098 1120 Hoc
1118 1052 1213 1124 aiunt
1226 1050 1281 1137 hi,
1305 1052 1371 1147 qui

296 1136 312 1151 ”
342 1146 573 1248 despondendi
588 1146 747 1219 auunculi
761 1142 878 1221 essent.
927 1148 1018 1220 Proh
1027 1176 1101 1221 rem
1117 1148 1372 1247 portentosam!

341 1246 412 1328 lam
427 1249 572 1322 vestmm
591 1244 654 1334 esi,
673 1248 821 1335 iudices,
841 1248 1022 1346 dispicere,
1046 1268 1287 1327 commentum
1303 1254 1377 1325 hoc

298 1360 311 1382 '
345 1370 462 1428 rtrum
477 1349 517 1423 fit
537 1348 708 1429 credibile.
758 1354 851 1421 Nam
873 1376 939 1445 ego
964 1352 1121 1449 equidem
1146 1369 1307 1441 autumo,
1331 1380 1382 1425 ex

348 1454 588 1547 aovcolhgens,
609 1450 703 1549 quod
717 1450 983 1525 consentaneum
1000 1451 1047 1525 est
1063 1452 1154 1540 sieri,
1174 1452 1198 1525 si
1220 1456 1379 1552 Pyrrhus

348 1553 410 1632 srbi
425 1548 649 1655 proposuisset
664 1552 790 1651 aliquid
802 1569 865 1627 aut
878 1554 1053 1653 spondere,
1073 1572 1134 1628 aut
1147 1582 1262 1650 agero,
1277 1558 1382 1656 quod'

350 1674 477 1755 genere
489 1648 878 1753 iphosessetindignum,
896 1656 1006 1729 multo
1015 1684 1096 1729 eum
1112 1661 1217 1753 magis
1232 1684 1382 1759 operam

352 1754 451 1835 soille
464 1758 639 1842 daturum,
663 1772 699 1827 vt
713 1757 748 1828 id
765 1757 872 1828 insciis
899 1754 1084 1832 necessariis
1107 1763 1267 1833 omnibus
1290 1761 1387 1833 face-'

204 1904 208 1917 ·
352 1876 429 1949 ret,¹
446 1886 548 1959 quam
564 1852 706 1929 voluisse
719 1860 909 1932 auunculos
923 1860 967 1931 ‘ad
982 1867 1133 1932 errorem
1148 1876 1217 1935 tam
1234 1862 1384 1934 foedum

262 1982 266 1991 “
354 1963 463 2039 oculis
478 1961 542 2032 suis
564 1958 820 2033 contestandum
842 1961 1031 2047 aduocare„
1088 1967 1278 2051 Praeterea,
1308 1966 1387 2035 hoc

356 2087 498 2161 quoque
515 2064 644 2150 miror,
666 2059 790 2134 hvera
812 2060 954 2133 suerunt
971 2064 1029 2137 illu
1049 2062 1226 2163 sponsalia,
1252 2091 1315 2137 cur
1340 2066 1387 2138 de

354 2168 435 2241 dote
450 2162 583 2237 nullum
594 2159 729 2262 passum
740 2158 979 2252 intercesserit,
998 2190 1112 2264 neque
1126 2182 1248 2263 aparte
1260 2168 1392 2257 dantis,
1430 2174 1431 2181 ’

355 2292 470 2367 neque
484 2292 506 2337 a·
516 2276 611 2362 parte
626 2266 833 2363 accipientis.
880 2269 959 2337 Siue
979 2269 1301 2341 enim¹Nicodemus
1325 2268 1390 2340 do-

357 2386 430 2441 tem
445 2368 574 2465 Pyrrho
592 2364 700 2453 dedit,
725 2365 991 2438 consentaneum
1008 2384 1097 2464 erat,
1122 2386 1186 2465 vt,
1206 2372 1264 2468 qui
1279 2368 1391 2443 tesles
1430 2392 1431 2457 j

332 2506 334 2511 ’
359 2472 393 2545 sc
408 2468 612 2568 sponsalibus
629 2470 724 2539 alunt
736 2464 941 2554 interfuisse,
963 2469 1001 2541 hi
1016 2469 1116 2543 iidem
1132 2476 1273 2570 quoque
1289 2470 1393 2544 testa·

267 2656 272 2670 ,
357 2589 481 2647 rentur
496 2568 585 2642 illam
606 2568 723 2642 dotem
739 2570 870 2666 Pyrrho
881 2572 922 2643 in
936 2597 1058 2644 manus
1081 2573 1306 2646 aNicodemo
1332 2574 1394 2648 da·
1426 2605 1429 2612 ¹

359 2687 432 2748 tam
447 2689 549 2770 atque
572 2685 784 2744 numeratam
808 2669 913 2744 suisse.
960 2677 1017 2746 Sin
1042 2689 1175 2762 autem,
1199 2676 1397 2776 cupiditate

359 2776 512 2852 mulieris
534 2771 707 2860 accensus,
729 2773 920 2846 auunculus
935 2773 1047 2846 noster
1065 2772 1176 2875 passus
1189 2774 1272 2850 ellat
1287 2779 1395 2852 indo·

235 2875 238 2883 ’
337 2890 466 2952 'latam
490 2873 550 2947 fibi
573 2865 774 2972 desponderi
794 2876 990 2963 mulierem,
1021 2891 1057 2947 et
1077 2903 1153 2949 eam
1176 2879 1318 2976 quidem
1340 2879 1394 2953 fic

358 2993 546 3064 moratum,
569 2991 684 3074 paret,
706 2976 941 3048 Nicodemum
961 2977 1073 3049 multo
1097 2982 1202 3052 etiam
1217 2997 1295 3052 tum
1316 2995 1395 3055 ma·

211 3093 214 3098 '
284 3087 293 3100 “
360 3069 413 3178 gis
428 3105 569 3179 operam
585 3077 744 3150 daturum
760 3067 876 3165 fuisse,
893 3091 936 3147 'vt
951 3079 1098 3174 Pyrrhus
1114 3105 1230 3154 coram
1244 3079 1394 3156 testibus

259 3255 263 3265 ,
361 3179 563 3268 affirmaret,
583 3178 616 3249 se
631 3179 749 3250 dotem
764 3201 829 3276 pro
847 3180 990 3250 muliere
1004 3178 1176 3280 accepisse,
1197 3183 1324 3282 illaque
1345 3185 1396 3260 de

361 3286 443 3358 dote
464 3279 636 3354 reddenda
656 3297 810 3368 caueret,
835 3303 907 3377 quo
927 3279 1026 3352 facile
1048 3283 1167 3355 rursus·
1184 3287 1217 3355 ei
1230 3310 1276 3356 ne
1288 3281 1393 3376 esset,

171 3394 174 3402 '
206 3429 212 3436 -
359 3386 551 3471 mulierem,
577 3379 757 3479 siquando
774 3379 923 3469 luberet,
949 3381 1021 3454 ase
1038 3383 1202 3478 ablegare.
1265 3385 1393 3461 Multo

109 3511 110 3590 p
358 3489 461 3560 etiam
478 3485 593 3583 plures
607 3478 855 3582 tum‘profelto
869 3480 988 3578 tesles,
1011 3485 1071 3578 (id
1094 3487 1189 3586 quod
1211 3486 1395 3562 consenta-

109 3605 110 3656 1
255 3660 258 3668 ,
362 3607 468 3664 neum
485 3583 572 3674 alh)
595 3583 808 3682 despondens
831 3585 1014 3657 aduocatos
1034 3585 1253 3676 adhibuisset,
1277 3615 1394 3689 quam

332 3685 334 3688 ’
356 3693 410 3784 is,
430 3691 491 3788 qui
510 3685 570 3759 fibi
584 3687 881 3786 talemmulierem
900 3686 1101 3785 desponderi
1116 3677 1265 3772 curaret.
1313 3697 1396 3764 Ne.

109 3793 110 3804 ’
277 3821 280 3828 ·
355 3815 416 3866 mo
435 3794 528 3862 enim
543 3785 688 3860 vestrum
703 3791 851 3882 ignorat,
873 3789 1043 3862 eiusmodi
1062 3793 1246 3880 mulierum
1269 3797 1397 3867 carita·

109 3819 111 3956 l
240 3977 244 3986 ,
354 3909 427 3966 tem
445 3905 715 3990 penesumahtes
732 3917 803 3962 non
826 3915 963 3962 manere
987 3911 1209 3992 perpetuam,
1231 3892 1287 3966 sed
1311 3895 1395 3969 illu·

108 3980 111 3999 ’
350 3995 421 4069 sam
436 3995 574 4066 illorum
594 3983 795 4089 opinionem
808 3991 912 4090 paulo
926 3991 1004 4091 post
1014 3993 1213 4092 resipiscere,
1230 4021 1395 4074 errorem

287 4109 291 4122 ’
319 4101 322 4108 “
352 4098 536 4180 noscitare,
560 4107 596 4163 et
624 4093 799 4189 quo'loco
825 4093 1000 4165 habendae
1021 4093 1087 4167 hnt
1108 4102 1322 4186 meretrices,
1346 4115 1390 4172 et

108 4146 118 4306 l.¹
198 4225 203 4230 ·
240 4291 243 4298 Ι
350 4201 470 4300 quanti
483 4190 673 4285 faciendae,
699 4195 837 4268 tandem
861 4195 1043 4294 aliquando
1064 4223 1214 4274 cernae.
1262 4203 1310 4272 Et
1331 4205 1388 4272 ni·

1183 4305 1188 4322 '
1293 4297 1386 4374 hilo·
