3075 5150
163 370 487 447 'a'

128 616 250 697 2⁶4⁷·
293 600 626 720 interiacet
659 598 1039 688 neormam,
1082 596 1178 707 '⁴⁴92‘
1222 561 1225 574 “
1331 544 1336 557 ’

130 798 317 881 nomos‘et
338 810 424 882 opes
444 808 646 855 coaceruare
659 779 838 875 gestiendo,
868 784 1158 881 haecomniafibi
1263 810 1265 833 ¹

132 888 324 960 commenti
347 883 695 972 etmacbinatiiirnt,
719 878 798 985 'quo
818 903 962 960 matrem
978 914 1088 962 meam
1107 895 1156 965 iu-
1286 909 1307 951 γ’
1405 896 1406 901 ’

128 1015 166 1061 re
181 991 353 1085 bonisque
366 987 431 1058 suis
446 985 692 1059 defraudarent.
741 991 814 1059 Erit
828 986 964 1062 forfitan
985 996 1021 1063 in
1036 1016 1157 1064 nume·

128 1118 167 1162 ro
184 1088 312 1175 vestro,
327 1089 479 1174 iudices,
501 1090 562 1186 qui
577 1091 743 1176 miretur,
765 1112 830 1161 cur
846 1090 945 1163 bonis
960 1090 1079 1165 uostris
1090 1116 1153 1192 per

129 1210 197 1264 tam
224 1192 454 1289 longinquum
477 1192 644 1288 temporie
668 1188 686 1261 s
705 1194 811 1261 atium
836 1190 983 1279 exciufi,
1010 1198 1153 1267 tacueri-
1230 1184 1235 1195 ⁸

127 1320 225 1381 mus,
248 1311 286 1363 et
302 1316 396 1365 nunc
413 1292 552 1363 demum
573 1318 613 1363 ea
630 1316 677 1389 po
730 1291 837 1363 latum
858 1296 1044 1369 veniamur.
1072 1298 1152 1391 Ego

126 1422 209 1467 rero
227 1418 376 1491 aequum
405 1392 495 1465 haud
520 1391 639 1464 censeo
656 1387 740 1477 eide,
757 1418 835 1465 ‘nos
853 1394 930 1465 ideo
948 1396 1042 1469 causa
1056 1398 1153 1471 cade·
1227 1420 1231 1428 “

127 1523 182 1584 re,
206 1495 267 1568 aut
281 1499 354 1567 iura
366 1494 466 1566 nobis
484 1490 593 1565 noilr'a
607 1496 783 1581 imminui,
807 1496 900 1593 quod
915 1522 954 1593 ea
968 1496 1100 1597 e'xsequi
1110 1498 1152 1573 cd

126 1601 194 1670 hoc
214 1599 282 1669 diei
298 1612 357 1669 aut
378 1620 449 1667 non
464 1599 690 1693 potuerimus,
711 1610 770 1668 aut
778 1594 1151 1694 insuperhabuerimua.

126 1706 212 1773 Non
229 1701 322 1771 enim
339 1699 408 1769 hoc
424 1702 458 1769 in
475 1696 613 1769 censum
626 1699 743 1783 venit,¹
768 1722 878 1797 quum
902 1699 959 1772 diu
982 1698 1092 1799 paidos
1108 1700 1149 1773 {ir

125 1806 199 1874 iura
221 1818 281 1875 tua
303 1798 578 1897 interquiescere,
611 1796 665 1869 sed
687 1798 756 1869 hor
780 1800 910 1895 agitur,
941 1826 1152 1899 aequumne

125 1902 166 1974 fit
181 1905 237 1987 id',
269 1898 372 2000 quod¹
386 1915 424 1971 tu
445 1900 613 1998 postules,
638 1910 758 1971 necne.
806 1906 935 1973 Verum
952 1906 1043 1975 enim
1058 1929 1153 1996 vero,
1304 1958 1308 1975 .

126 2033 169 2077 ne
182 2006 289 2077 huius
302 2001 441 2099 quidem
458 1997 647 2073 celfationia
663 2000 759 2073 causa
771 2001 869 2073 nobis
886 2000 991 2091 deest,
1022 2004 1077 2077 sed
1093 2006 1151 2079 ha·

126 2108 250 2180 bemus
266 2105 410 2197 allegare
424 2100 592 2175 idoneam.
639 2104 737 2175 Pater
761 2126 887 2201 nempe
906 2130 1003 2177 moue
1021 2132 1060 2179 ea
1073 2107 1150 2200 lege

127 2208 186 2281 ibi
210 2206 410 2306 desponderi
435 2220 579 2277 matrem
603 2226 715 2275 meam
738 2199 849 2300 priiui
866 2203 992 2293 fuerat,
1015 2222 1054 2279 rt
1069 2232 1150 2281 con·

127 2325 246 2381 tentus
266 2304 350 2379 eiiet
371 2306 453 2378 dote
466 2306 516 2377 ilii
536 2304 705 2391 addenda,
735 2303 841 2403 ipsam
863 2306 1087 2381 hereditatem
1104 2336 1150 2399 ne
1301 2300 1306 2317 ¹

126 2425 270 2511 peteret.
318 2406 383 2479 Sed
406 2406 499 2479 iiiam
517 2406 761 2505 ipsamdotam
781 2406 878 2479 nullo
899 2404 998 2507 padio
1013 2424 1151 2508 poterat

128 2514 168 2588 ab
189 2514 257 2585 iilis
283 2509 452 2605 redigere,
490 2510 550 2608 qui
572 2508 767 2580 hereditatio
794 2508 896 2582 huius
917 2510 1152 2588 emolumenta
1264 2542 1266 2551 ’

128 2612 374 2713 percipiebant.
423 2610 589 2694 Quamnit'
614 2613 709 2682 euim
732 2625 841 2682 mater
858 2635 937 2683 eum
954 2610 1152 2712 saepiuriii·

129 2719 293 2804 moleret,
320 2731 361 2785 vt
382 2711 423 2784 ab
438 2715 480 2784 iis
496 2713 681 2809 repetitum
697 2713 786 2796 iret,
808 2709 845 2782 hi
860 2727 993 2804 tamen,
1013 2719 1151 2813 quoties
1252 2769 1255 2785 .
1310 2715 1313 2730 “
1348 2740 1352 2749 ’
1385 2725 1388 2737 “

131 2843 228 2918 pater
244 2817 347 2888 huius
362 2817 411 2885 rei
428 2818 644 2886 mentionem
655 2813 697 2884 ed
713 2811 746 2884 se
759 2811 903 2900 faceret,
925 2816 1153 2905 minabantur,

129 2921 159 2991 fe
174 2942 318 2993 uxorem
332 2914 450 3014 ipfius,
483 2932 520 2986 vt
541 2914 642 2988 filiam
659 2913 840 3000 heredem,
873 2918 908 2986 in
924 2919 1003 2989 iure
1011 2916 1071 2990 fibi
1086 2913 1151 2991 etse

129 3021 375 3120 postuiaturos,
396 3015 420 3086 fi
437 3017 547 3088 nollet
562 3041 638 3088 eam
651 3013 711 3087 iub
731 3017 931 3089 conditione
946 3017 1034 3090 dotis
1050 3021 1151 3102 habe-

130 3151 173 3196 re.
223 3127 324 3194 Pater
337 3123 470 3216 itaque,
501 3143 544 3189 ne
561 3133 670 3188 matre
683 3119 897 3214 priuaretur,
925 3117 1001 3190 fruit
1015 3145 1075 3194 eos
1091 3122 1152 3194 bo·

130 3248 258 3298 norum
281 3220 375 3293 vium
394 3215 547 3310 ‚nodum
569 3222 762 3318 percipere,
796 3221 895 3290 etiam
921 3214 1067 3320 iidupio
1082 3249 1152 3296 am·
1220 3299 1224 3306 ,

130 3329 237 3426 pliora
250 3318 396 3395 fuiiient.
446 3325 547 3392 Hanc
560 3321 606 3393 ob
617 3319 748 3392 causam
769 3337 866 3416 pater
881 3321 1029 3396 tam'diu
1051 3319 1150 3398 cesto

129 3433 176 3499 uit
192 3429 309 3498 uxoris
323 3427 396 3499 iura
408 3426 444 3494 in
459 3421 536 3493 foro
551 3421 721 3520 prosequi.
769 3418 987 3496 Postmodum
1000 3427 1153 3500 interum

130 3535 177 3604 nis
200 3527 336 3601 bellum
358 3525 640 3609 Corinthiacum,
675 3525 713 3594 in
736 3547 806 3618 quo
831 3547 965 3624 egoque
986 3543 1152 3627 paterque

120 3628 353 3711 'iudicauimus
374 3621 567 3698 neceiiario.
614 3620 842 3707 Quotation
868 3621 931 3712 est,
959 3643 996 3698 vt
1016 3631 1081 3700 vtri
1105 3655 1151 3702 ue

130 3732 281 3804 nostrum
296 3717 425 3827 poenas
443 3727 484 3798 ab
499 3727 552 3798 hio
569 3729 704 3797 meritas
718 3739 876 3822 repetere
890 3743 1050 3818 negatum
1059 3657 1151 3803 eidet.

131 3826 211 3905 iace
234 3849 352 3907 autem
376 3827 528 3900 restituta
548 3829 615 3900 hoc
636 3829 722 3916 mibi
746 3829 892 3920 contigit
912 3827 1153 3918 infortunium,

130 3952 165 4005 rt
196 3935 345 4007 aerarius
379 3929 498 4002 fierem
533 3929 747 4026 reipublicae.
821 3934 1041 4030 Quapropter
1069 3945 1152 4008 cum

153 4041 178 4106 is
201 4041 239 4108 in
262 4039 336 4108 iure
357 4055 458 4129 agere
480 4056 551 4102 non
573 4031 704 4106 licebat.
756 4029 950 4105 Habuimus
971 4035 1095 4131 itaque,
1114 4049 1153 4106 tt

133 4146 224 4209 'unc
237 4137 369 4222 videtis,
392 4125 1022 4226 caustanostraeceiiationialegitimaa.
1044 4139 1152 4208 Nunc

151 4257 248 4314 utem
272 4229 421 4324 undem,
442 4234 622 4335 aliquando
652 4232 777 4304 iustum
805 4249 848 4304 et·
862 4233 1154 4334 oportuirruu.est,

625 4338 738 4410 tir
1058 4339 1155 4416 hunc
