3075 5150
189 582 1100 713 nemneneor‘rrrrrrocrnuoms.
1149 610 1229 691 437
1339 679 1345 693 Ι

175 778 291 863 ieret,
314 788 420 877 atque
443 768 507 877 pro
531 764 629 849 irrito
651 774 855 861 declararet3
880 778 1012 875 qnippe
1033 772 1220 875 quodem

183 902 379 979 puerorum
397 878 487 951 haud
504 874 605 965 eiset;
628 882 792 977 quoniam
810 878 901 977 ipso,
925 874 1146 962 Euaemone,
1161 878 1219 950 de-
1327 909 1348 951 ,·

181 976 327 1068 sunflo,
350 980 524 1053 bonorum
551 979 782 1053 immobilium
795 1006 899 1053 nemo
919 980 1002 1052 aiios
1025 976 1065 1051 srt
1085 973 1215 1077 pot'itu·
1246 973 1251 989 '

182 1108 260 1168 rus,
289 1078 506 1181 quam·fiiiae
525 1078 646 1183 ipisus,
671 1080 998 1181 earumque‘iiberi;
1025 1080 1214 1156 fundorum

181 1182 341 1256 autemis
360 1182 443 1283 quid
459 1182 527 1282 ipse
541 1182 652 1256 adhuc
670 1180 832 1283 superstes
847 1182 1021 1271 venderet,
1043 1178 1213 1257 redeam

182 1314 222 1358 ex
238 1287 299 1358 ina
313 1284 512 1358 venditione
529 1300 679 1385 paratam
697 1290 878 1387 pecuniam
895 1284 968 1359 stne
979 1280 1213 1358 controuersia

180 1404 313 1461 certam
330 1390 445 1486 puerit
463 1383 529 1459 esse
547 1388 745 1463 mansuram.
795 1382 986 1462 Eusiemon
1002 1388 1067 1459 hac
1088 1390 1212 1459 oratio-

180 1518 226 1563 ne
272 1504 410 1577 motus,
444 1486 553 1561 shtim
587 1504 626 1560 rt
667 1490 817 1578 audiuit,
848 1488 979 1563 tabulae
1019 1484 1212 1561 testamenti

180 1618 200 1664 a
220 1590 424 1688 Pythodoro
448 1590 660 1693 repoposcit,
691 1616 908 1692 prouocanr,
935 1589 1117 1663 vttabuiar
1135 1594 1210 1663 eiua

179 1698 216 1767 in
233 1694 388 1770 medium
403 1692 582 1793 proferret.
618 1698 736 1767 Stante
749 1697 864 1787 itaque
877 1692 1077 1790 Pythodoro
1094 1716 1212 1765 coram

179 1796 379 1882 Archonte,
408 1795 518 1868 aiebat
545 1787 735 1869 Eudemon
760 1797 848 1869 veile
874 1794 1116 1868 testamentum
1139 1822 1159 1866 a
1179 1792 1214 1865 se

180 1898 348 1997 scriptum
362 1898 496 1969 toiiere.
547 1902 674 1972 Contra
688 1898 925 1995 Pythodorus‚
946 1920 1073 1991 negans
1095 1922 1159 1995 per
1178 1894 1213 1966 se
1352 1954 1355 1961 .

180 1998 269 2072 stare
284 1994 472 2097 quominus
492 1999 648 2087 toliatur,
671 1998 783 2101 ipsum
807 1999 913 2072 semet
932 2000 1042 2075 aiebat
1058 1998 1094 2070 id
1113 1996 1213 2070 tolie·

180 2130 238 2191 re,
265 2101 360 2200 quod
374 2101 415 2173 ad
428 2097 538 2199 ipsum
554 2104 714 2175 attineret
726 2096 996 2187 Eusiemonern,
1018 2115 1122 2199 atque
1130 2099 1214 2171 Pha·

181 2200 390 2289 nostratum,
414 2218 492 2274 tum
513 2206 549 2275 in
572 2204 697 2277 iudicio
719 2228 860 2303 quoque
881 2202 1101 2302 praesentem.
1148 2206 1215 2273 Ve-

180 2310 264 2379 rum
286 2307 448 2405 quoniam
477 2306 659 2395 Chaereas,
692 2309 752 2405 qui
783 2304 988 2405 deposrtioni
1016 2304 1213 2377 testamenti
1244 2318 1256 2335 ⁸

181 2433 295 2509 penes
310 2406 344 2479 se
356 2402 576 2495 interfuisset,
601 2408 730 2480 interea
738 2410 903 2506 temporis
917 2410 1002 2479 riuis
1018 2400 1213 2501 exeeffiffet,

168 2506 300 2617 ‚resista
316 2506 392 2586 hiia.
417 2510 514 2582 cuius
534 2506 622 2583 filiae
637 2507 707 2584 isne
721 2508 887 2588 consensu
901 2508 1046 2604 negabat
1059 2509 1123 2582 hoc
1131 2511 1167 2579 in
1175 2532 1215 2578 re

167 2606 1215 2810 sisiiiicihhiii}‚ii'mdiiiiiaiiiiiiisii'iiii'

182 2819 333 2905 elocuta,
359 2817 395 2886 in
419 2813 622 2914 potestatem
646 2819 758 2888 mariti
779 2813 959 2903 transisset,
987 2821 1045 2916 qui
1058 2830 1156 2890 tutor
1177 2826 1214 2886 et

180 2931 325 2992 curator
339 2919 412 2989 eius
428 2911 522 2994 esset.
541 2937 548 2954 ¹
571 2917 711 2992 Archon
735 2943 876 3019 quoque
898 2943 979 2991 curn
993 2920 1035 2991 ad
1049 2920 1138 2991 hanc
1152 2919 1216 3016 Py-
1313 2979 1321 2996 ,

179 3020 327 3094 thodori
349 3017 550 3118 sententiam
572 3017 772 3110 accessisset,
808 3023 917 3116 etita
941 3021 1215 3120 egendumpro·
1356 3056 1365 3084 r

179 3115 369 3196 nuntiasset
390 3115 476 3207 eise,
506 3117 699 3216 Eustemon
726 3130 845 3196 cora'rn
867 3123 1045 3196 Archonte
1070 3124 1216 3220 eiusque

164 3219 414 3316 assessoribus,
447 3221 590 3323 aliisque
610 3223 814 3324 permultis,
843 3251 932 3323 quos
958 3221 1216 3313 circumstantes
1322 3234 1347 3251 ’“
1394 3254 1418 3283 ν

179 3323 427 3420 ihtesiabatur,
451 3327 606 3426 primum
630 3325 873 3424 ai’ythodoro
892 3329 1034 3426 eiusque
1054 3325 1217 3428 consorti,-

164 3427 249 3502 ·bus
265 3422 480 3527 sponsionem
504 3426 679 3524 exigebat,
703 3453 782 3519 eos,
808 3454 896 3526 quae
912 3423 1047 3502 asturus
1064 3455 1159 3514 nunc
1173 3423 1220 3500 es·

178 3529 249 3618 set,
274 3545 345 3601 rata
359 3528 536 3603 habituros
553 3525 639 3620 eise3
662 3533 936 3632 tumlponceptis
957 3531 1069 3604 verbis
1094 3527 1220 3604 asseue-

166 3632 296 3718 rabat,
315 3627 556 3704 testamentum
573 3629 634 3704 isbi
651 3633 721 3706 iam
737 3655 832 3727 nunc
849 3631 984 3718 nullum
1002 3633 1148 3734 amplius
1163 3659 1217 3706 rs·
1284 3643 1308 3669 ·'

171 3727 290 3840 'ipuam
305 3732 463 3804 iocorum
480 3729 672 3832 depositum
688 3735 806 3806 iecere.
843 3759 959 3831 eoque
982 3731 1072 3808 troo
1094 3733 1219 3830 abibat,

179 3835 290 3938 paulo
302 3832 381 3933 posi
393 3833 427 3906 id
443 3830 609 3924 fassurus,
637 3838 735 3910 cuius
752 3833 848 3908 causa
862 3836 913 3908 ilii
934 3838 1050 3926 [Aice,
1075 3863 1154 3910 curn
1163 3861 1221 3936 pa·
1365 3921 1368 3926 ,

182 3935 318 4033 mistis]
342 3935 480 4028 eumad
503 3935 695 4022 tesiamenti
719 3937 977 4032 abrogationem
998 3935 1223 4038 impulerant.

181 4038 395 4112 vendebant
411 4063 538 4137 nempe
562 4038 710 4113 fundum
725 4039 1002 4112 Athmonensem
1019 4041 1223 4140 Antiphani,

170 4167 236 4244 ·qu
244 4141 352 4240 inque
368 4155 405 4212 et
420 4137 632 4240 septuaginta
645 4143 763 4231 minis,
787 4142 1048 4216 balneum-vero
1064 4145 1225 4216 inseran-

181 4247 245 4342 gio
270 4245 411 4342 triginta
432 4244 533 4320 urinis
556 4244 942 4354 Antilochoadornum
959 4247 1100 4320 rero'in
1122 4245 1227 4355 Vrbe,

710 4349 810 4447 Eep
1162 4369 1230 4452 pro
1301 4359 1305 4364 ’
