3075 5150
689 381 699 418 ¹
1215 355 1219 364 ’
1407 355 1412 497 i

1410 508 1411 534 i

166 649 294 734 nnn.
372 579 1061 724 nnournnnnnnnrrarn'
1112 669 1193 756 5¹5

167 818 351 908 deducere,
386 819 482 902 ideo,
504 817 598 918 quod
618 819 746 916 pupillo
760 819 843 892 huic
857 845 896 894 et
909 821 993 896 nolo
1006 825 1192 927 impertire,
1258 852 1263 861 ’

165 948 255 1022 quae
277 947 343 1018 ego
367 947 388 992 a
408 921 526 1012 vobis,
547 920 690 1008 iudices,
723 921 908 1022 adiudicare
930 927 1015 998 mihi
1029 930 1203 1028 poffideo,

164 1017 382 1122 posteaquam
402 1027 530 1118 priores
553 1019 750 1118 possessores
774 1023 869 1096 causa
889 1029 965 1101 vici.
1012 1035 1188 1114 Bonorum
1265 1079 1271 1088 ·

163 1127 283 1221 pupilli
306 1123 328 1196 sr
351 1126 431 1223 quid
453 1149 518 1218 ego
540 1123 702 1196 haberem
725 1141 831 1223 atque
861 1129 1061 1222 retinerem,
1090 1137 1187 1234 quod
1239 1183 1245 1192 ·

160 1232 232 1300 eius
247 1222 315 1298 esse
328 1225 493 1298 constaret
511 1227 599 1298 inter
614 1251 752 1312 omnes,
770 1225 872 1324 idque
880 1230 968 1302 maie
984 1233 1187 1314 administra·
1207 1235 1211 1240 ’

158 1327 1186 1416 rem,itavtsortunreeiusdeterioreminlocumdeduceren·
1279 1423 1285 1432 ,

158 1445 224 1516 tur,
243 1449 319 1503 tum
335 1445 546 1527 oportunum
566 1445 754 1527 etaequum
768 1427 890 1516 suisset,
907 1433 995 1506 hanc
1008 1439 1184 1520 maiestatis

157 1531 289 1604 causam
300 1531 384 1603 mihi
399 1533 566 1616 intentari,
584 1557 654 1602 non
670 1547 785 1602 autem
801 1531 964 1628 professo,
980 1533 1002 1607 si
1016 1565 1091 1614 mea
1099 1549 1185 1622 mihi

157 1632 267 1706 seruo.
278 1632 759 1730 Aduersariumitnqueneque
769 1633 920 1707 hreinre
929 1639 1185 1741 inrisaequiob.
1256 1685 1265 1706 ι

156 1734 351 1808 seruantem
360 1730 463 1822 fuisse,
479 1737 633 1832 nequein
644 1736 782 1805 caeteris
791 1737 981 1810 veritatisin
990 1746 1183 1836 praedican-

158 1838 219 1912 do,
248 1837 304 1910 sed
325 1839 456 1924 omnin,
490 1835 672 1930 cupiditate
693 1831 825 1919 assum,
852 1833 919 1910 esse
939 1843 1183 1942 machinatum,

158 1965 230 2037 quo
250 1965 305 2012 me
320 1937 407 2033 apud
421 1963 482 2010 vos
500 1939 533 2010 in
550 1936 712 2008 inuidiam
736 1935 1029 2038 suspicionemque
1039 1948 1184 2025 adduco·
1287 2017 1291 2024 ,

157 2055 231 2132 ret,
259 2034 466 2138 prauamqne
486 2039 528 2110 ad
550 2036 751 2110 sententiam
774 2038 867 2146 leges
884 2039 1070 2132 detorfiffs,
1095 2049 1184 2128 sum.

156 2167 326 2242 mumque
340 2163 400 2237 per
414 2139 507 2213 nesus
523 2125 669 2227 ssudere,
692 2163 819 2238 meque
839 2167 972 2240 vosque
995 2151 1189 2228 circumue·⁴
1249 2235 1254 2242 ,
1360 2237 1371 2262 ι

159 2247 254 2332 nire,
288 2245 463 2316 neminem
487 2241 648 2328 vestrum,
681 2243 728 2314 ita
748 2264 807 2313 me
822 2241 867 2313 dii
881 2263 1015 2337 ament,
1036 2252 1184 2330 arbitror·
1294 2245 1301 2264 ’

161 2341 258 2430 esses
275 2347 335 2442 qui
352 2347 506 2438 ignoret,
528 2341 731 2438 sedperinde
739 2339 841 2415 nostis
853 2369 982 2418 omnes.
1030 2353 1185 2450 Quapro.

156 2461 232 2541 pter
249 2446 364 2518 causae
381 2445 427 2544 nil
446 2443 543 2518 video
563 2469 626 2515 cur
640 2445 692 2516 his
710 2445 868 2516 derebus
890 2449 988 2542 plura
1006 2449 1185 2550 disputem,

156 2549 219 2621 Sed
236 2537 336 2621 vide'o
351 2573 449 2635 eum,
469 2545 724 2645 [aduersarium]
737 2549 928 2622 orationem
952 2551 1130 2647 plurimam
1145 2563 1185 2637 in

157 2651 348 2723 rationibus
367 2648 561 2723 substantiae
577 2674 656 2721 cum
673 2652 756 2739 eius,
781 2675 868 2749 quae
883 2654 1016 2750 pupillo
1032 2656 1088 2748 ess
1105 2676 1188 2738 tum,

157 2754 315 2839 alterius,
348 2753 559 2851 quaemihi,
589 2750 798 2849 exponendis
823 2752 1039 2843 consumere,
1062 2775 1098 2833 et
1120 2752 1185 2861 pul

156 2857 279 2953 pilium
301 2854 438 2951 quidem
455 2852 554 2950 plane
570 2852 699 2925 nudum
720 2850 868 2925 fortunis
885 2858 1045 2931 omnibus
1061 2864 1206 2939 oratio

158 2982 203 3029 ne
227 2955 341 3027 facere
363 2970 399 3027 et
422 2954 460 3027 ad
485 2958 604 3026 incitas
626 2948 815 3041 sedatium,
836 2955 921 3029 mihi
936 2972 1051 3032 autem
1068 2970 1186 3063 copiae
1230 3004 1239 3013 ·

155 3057 270 3130 nescio
290 3076 391 3156 quam
408 3060 564 3150 ingentes
578 3056 688 3127 verbis
705 3052 883 3142 adſtruere,
903 3062 1125 3163 animumque
1139 3067 1188 3141 af.

155 3156 306 3253 fingere,
330 3174 400 3229 tam
417 3158 641 3254 degenerem,
665 3173 735 3229 tam
751 3155 931 3245 sordidum,
957 3172 1028 3234 tarn
1044 3164 1187 3261 flagitio.

154 3261 232 3333 sum
255 3261 401 3358 denique
426 3268 624 3357 intumque,
656 3274 693 3329 vt
714 3258 889 3330 Stratoclis
910 3260 1075 3362 filiarum,
1098 3296 1188 3369 quae

155 3388 308 3435 numero
333 3360 409 3433 sunt
432 3376 597 3459 quatuor,
622 3360 708 3431 nulli
722 3358 839 3433 dotem
858 3386 1068 3463 quocunqne
1083 3367 1186 3468 passo

157 3462 395 3549 contribuam,
418 3466 572 3560 quamuis
589 3461 679 3533 bona
694 3460 803 3533 sratris
828 3488 944 3537 earum
961 3466 1103 3542 habeam
1122 3474 1185 3549 mi·
1236 3551 1242 3560 ,

157 3565 193 3637 hi
222 3591 268 3637 ue
284 3568 521 3657 arrogauorim.
571 3564 605 3636 Id
628 3566 720 3635 enim
744 3562 802 3634 ille
814 3562 924 3636 verbis
941 3575 1186 3649 tantummodo
1244 3606 1251 3627 .

155 3668 187 3737 ia
243 3680 267 3737 t.
343 3664 542 3739 Consultum
580 3668 711 3767 itaque.
722 3662 812 3735 duco
841 3692 860 3737 a
889 3690 945 3737 me
976 3668 1072 3745 hune
1100 3702 1187 3773 qun·

123 3784 127 3799 '
157 3794 230 3866 que
254 3766 385 3839 nodum
410 3766 566 3867 expediri.
634 3768 753 3865 Sperat
774 3771 865 3837 enim
887 3767 919 3839 se
941 3768 996 3841 his
1022 3780 1205 3853 orationis-
1292 3794 1298 3801 ’

156 3867 343 3969 praestigiis
371 3868 440 3943 hoc
461 3868 744 3954 consecuturum,
778 3883 815 3939 vt
836 3866 959 3941 sinistra
980 3872 1024 3943 de
1044 3902 1102 3949 mo
1117 3884 1191 3977 opi·

157 3974 266 4045 trione
288 3971 428 4068 repleti,
460 3973 649 4067 animisque
670 3994 763 4041 ame
775 3968 968 4056 abalienati,
999 3974 1193 4073 suspessum
1268 4016 1288 4025 ·

157 4098 218 4143 me
233 4072 331 4144 vobis
347 4070 554 4169 exosumque
570 4068 736 4155 habeatis,
760 4072 916 4169 mihique
930 4074 1110 4150 inuideatis
1121 4136 1139 4168 ,¹
1154 4096 1194 4153 vt
1224 4119 1229 4126 ¹

163 4174 300 4246 homini
319 4192 456 4273 praeter
481 4174 639 4245 meritum
658 4186 694 4243 et
708 4194 772 4269 per
786 4172 880 4244 nesos
898 4172 995 4245 bonis
1012 4176 1131 4252 alienis
1149 4180 1195 4255 st.

158 4278 299 4371 ginato,
337 4276 526 4353 liberorum
552 4273 864 4447 Stratocppskantem
879 4271 1044 4351 miseratio
1067 4306 1128 4355 vos
1145 4286 1196 4459 inr-

777 4394 799 4451 2
1129 4408 1200 4458 ce·
1280 4440 1286 4463 .
1348 4390 1357 4409 '
