3075 5150
178 529 216 584 ''
311 523 386 660 5'64
434 545 615 637 'raam
640 523 856 636 oanrao
880 561 1106 647 nostran
1165 577 1169 584 ·
1206 529 1361 649 ma.-

208 768 213 778 ’
266 748 270 754 ’
314 744 381 818 na?
412 743 593 825 Quodnam
610 747 690 820 huic
707 771 837 820 numen
848 769 958 818 vnum
973 742 1143 841 competit
1156 761 1280 812 eorum
1289 761 1356 809 uo·

177 939 179 948 ,
294 913 296 924 ,
318 849 452 917 minum
467 849 774 945 omniumquibua
788 850 841 920 lex
859 846 1152 946 propinquitatem
1168 837 1355 913 attribuit?

317 947 442 1019 Nolim
466 948 500 1020 id
523 975 541 1022 a
562 965 597 1022 te
619 951 704 1022 mihi
732 945 910 1034 obieiiari,
939 971 1090 1046 puerum
1114 945 1209 1015 huno
1231 961 1364 1032 meum

325 1041 392 1120 esse
410 1065 574 1148 nepotem
590 1077 609 1123 e
623 1051 748 1130 sorore.
825 1055 932 1122 Nunc
946 1051 1038 1122 enim
1054 1043 1184 1120 nonde
1197 1069 1274 1115 mea
1289 1044 1361 1134 agi.

325 1165 383 1222 tur
400 1151 608 1241 hereditate,
633 1156 691 1251 qui
707 1151 900 1256 adhucdum
918 1154 952 1223 in
969 1153 1056 1222 uiuis
1071 1145 1256 1246 supersum.
1294 1147 1359 1214 Sin

327 1267 443 1324 autem
459 1279 523 1348 ego
542 1250 762 1340 deceffissem,
785 1271 888 1354 atque
903 1254 961 1325 hic
975 1277 1075 1351 puer,
1092 1266 1231 1350 partem
1249 1247 1364 1318 bono·

307 1373 406 1426 'tum
425 1367 582 1428 meorum
599 1349 634 1427 i'n
651 1360 873 1454 iurepeteno,
889 1360 1188 1447 interrogaretru‚·
1201 1351 1297 1440 tuias
1313 1343 1363 1418 es

328 1451 395 1540 set,
420 1469 497 1528 tum
513 1453 726 1531 conueniret
736 1483 817 1532 eum
834 1456 1059 1555 respondpre,
1081 1450 1114 1525 se
1135 1473 1253 1523 meum
1275 1475 1297 1520 e
1310 1447 1365 1520 so·

326 1581 410 1628 rore
426 1574 593 1656 nepotem
609 1555 686 1632 esse.
732 1565 898 1632 Iamvero
913 1560 962 1630 ais
981 1581 1092 1655 puero
1113 1548 1277 1626 semissem
1300 1552 1366 1622 he·

331 1655 483 1757 reditatit
502 1664 656 1754 Hagniae
671 1677 881 1762 competere
932 1662 1039 1757 Atqui
1056 1659 1123 1729 hoc
1145 1659 1238 1726 aiens
1254 1652 1365 1724 debeo

332 1759 481 1834 indicare
507 1787 577 1860 quo
603 1762 707 1856 gradu
728 1764 948 1858 cognationis
969 1755 1028 1834 hio
1046 1759 1151 1855 ,istum
1171 1758 1373 1848 contingam

328 1861 465 1936 Verum
496 1863 743 1957 [aduersarius]
769 1861 845 1937 'asia'
875 1865 992 1936 omnia
1015 1859 1131 1960 potiu's
1166 1856 1369 1956 respondet,

335 1983 438 2060 quam
467 1963 521 2052 id,
553 1966 646 2064 quod
669 1969 918 2059 interrogatur,
951 1980 989 2036 et
1013 1962 1107 2063 quod
1129 1986 1191 2032 vos
1217 1953 1371 2030 dooendi

114 2069 117 2082 '
251 2093 257 2106 ·
323 2061 420 2146 estis.
469 2071 573 2164 Atqui
589 2071 645 2140 cui
662 2067 757 2140 causa
771 2066 853 2140 iusta
872 2084 910 2138 et
922 2091 1030 2165 aequa
1043 2080 1169 2162 coepta
1180 2061 1268 2145 sunt,
1282 2081 1370 2130 eum

336 2165 427 2239 houd
451 2171 617 2241 conuenit
643 2168 822 2256 haesitare,
851 2169 907 2240 sed
929 2165 1039 2239 statim
1060 2163 1131 2237 sine
1145 2159 1372 2236 nuntiatione

242 2345 246 2360 ¹
266 2279 273 2292 “
338 2267 494 2366 expedite
509 2271 691 2368 proloqui,
716 2279 829 2369 'neque
842 2271 911 2342 hoc
927 2267 1161 2352 solummodo,
1181 2264 1236 2335 sed
1262 2269 1375 2336 enam

170 2369 181 2378 “
320 2369 553 2444 ‘iureiurando
572 2367 747 2458 affirmare,
777 2375 982 2470 generisque
996 2397 1015 2442 a
1030 2369 1062 2441 se
1077 2368 1160 2440 editi
1178 2365 1375 2438 testimonia

336 2469 524 2570 praestare,
550 2496 619 2572 quo
638 2477 820 2548 certiorem
835 2477 867 2544 ei
889 2470 992 2546 fidem
1010 2471 1204 2553 adhibeatis.
1236 2472 1306 2538 sam
1315 2490 1373 2536 ve·

227 2624 229 2631 ,
338 2596 396 2661 ro,
419 2573 544 2671 quibus
562 2578 596 2648 in
614 2576 718 2649 rebus
736 2580 964 2669 interrogatus
986 2573 1076 2647 haud
1105 2569 1299 2669 respondit,
1323 2586 1379 2639 te·

286 2737 289 2743 .
337 2670 404 2746 'sies
427 2676 540 2749 nullos
562 2680 738 2776 produxit,
771 2676 1005 2752 iusiurandum
1032 2698 1103 2747 non
1127 2674 1225 2753 dixit,
1256 2668 1375 2762 segem
1422 2739 1423 2744 ,

339 2776 470 2849 nullum
488 2778 664 2873 allegauit,
687 2782 722 2853 in
735 2782 776 2851 iis
789 2776 899 2877 sperat
912 2803 973 2858 vos
992 2775 1096 2848 fidem
1116 2774 1176 2847 sibi
1191 2772 1376 2845 habituros

250 2927 259 2945 κ
340 2880 480 2974 uenti„
496 2906 582 2978 quae
607 2881 715 2980 uuit3¹
744 2906 824 2968 vos,
854 2882 915 2978 qui
939 2876 1156 2951 iureiurando
1182 2873 1380 2973 spopunde»
1422 2923 1423 2936 ,

340 2982 439 3068 ritis,
483 3006 503 3053 e
535 2976 720 3080 praecepto
748 2983 866 3076 legum
891 2982 1091 3053 sententiam
1122 3002 1184 3050 vos
1208 2970 1379 3062 disturos,

297 3116 299 3126 =
331 3099 378 3153 et
393 3079 440 3153 fic'
455 3090 475 3153 ό
490 3082 593 3157 titulo
625 3090 859 3180 εἰσαγγελίας
893 3085 1015 3169 huius,
1039 3106 1108 3180 qua
1123 3077 1380 3153 medenuncia·

167 3276 171 3289 Ι
249 3193 255 3203 “
340 3186 417 3271 uit,¹
439 3208 495 3255 me
509 3182 811 3257 co'odemnaturos.
884 3191 977 3257 Tam
994 3186 1266 3282 impurus,-tam
1283 3176 1379 3271 flagi·

196 3294 202 3303 '
279 3318 283 3325 ·
342 3283 446 3357 tiosus
461 3301 499 3357 et
512 3286 697 3385 impudens
709 3288 822 3359 'homo
836 3280 894 3361 est.
942 3290 1016 3379 Ego
1033 3301 1153 3360 contra
1175 3278 1315 3361 itame,
1338 3292 1379 3348 rt

340 3383 415 3472 ille,
439 3410 509 3459 non
524 3410 659 3481 geram,
676 3386 733 3460 sed
752 3406 790 3460 et
805 3390 898 3459 cuias
911 3383 993 3477 dm,
1016 3386 1135 3473 edam,
1161 3398 1199 3454 et
1212 3370 1379 3480 quotitu2

325 3485 378 3559 ¹‘so
402 3486 487 3558 mihi
512 3488 683 3563 hereditas
698 3504 892 3586 competat,
914 3506 952 3559 et
967 3488 1107 3587 planum
1136 3482 1277 3567 sariam,
1300 3504 1379 3553 oon

294 3586 299 3599 ’
331 3584 437 3662 hunc
462 3587 677 3663 solummodo
702 3616 866 3689 puerum,
891 3588 946 3661 sed
965 3588 1143 3672 uniuerso,
1175 3588 1379 3684 quicunque

207 3690 209 3699 ’
334 3688 395 3763 olii
405 3691 469 3762 hac
482 3690 524 3763 de
533 3690 720 3765 hereditate
735 3690 997 3774 contenderunt,
1006 3685 1382 3787 eosextrapropinqui·

341 3806 448 3864 tatem
467 3816 545 3865 cum
566 3798 699 3890 Hagnia
715 3790 796 3875 esse,
820 3809 857 3865 vt
871 3792 967 3863 vobis
983 3789 1061 3891 ipsis
1078 3788 1318 3863 confitendum
1337 3782 1381 3855 fit

341 3918 400 3967 me
416 3918 494 3965 vera
511 3894 688 3993 disputare.
744 3898 875 3966 Verum
891 3893 1048 3965 ordinem
1066 3894 1114 3964 rei
1135 3888 1244 3985 getiae
1259 3888 1381 3985 aprin-

341 3992 437 4093 cipio
459 3994 539 4067 inde
562 3991 694 4069 necesse
718 3992 765 4067 est
788 4022 844 4068 me
869 4020 1044 4081 enarrare,
1068 3992 1157 4065 vnde
1179 3989 1381 4079 intelligetis

116 4130 118 4183 ς
227 4090 267 4198 'x
342 4110 379 4167 et
395 4122 506 4168 meam
523 4108 604 4171 cum
622 4094 1085 4195 Hagnia'propinquitatem,
1108 4095 1218 4165 ethis
1242 4088 1381 4163 hulduni

116 4212 119 4245 '
257 4274 261 4285 ,
343 4190 413 4271 esse
431 4198 485 4271 iua
505 4198 608 4275 huius
629 4198 829 4300 hereditatio
853 4198 1071 4299 petendu..
1108 4200 1183 4291 ugo
1208 4195 1321 4275 erum,
1343 4202 1383 4261 οἵ

1280 4295 1376 4385 Hag-
