3075 5150
168 595 287 692 m
376 579 1041 674 uinumrurunorrurr
1124 601 1211 680 503,-

167 761 303 847 rsecue,
327 774 366 834 et
377 763 514 836 undem
531 761 630 866 liqui
653 761 728 836 etii
748 789 836 863 queo
850 759 1016 861 superfiat
1029 764 1197 837 eiusmodi

166 867 285 934 matris
301 860 465 938 fratresue
482 865 675 952 somnone,-
698 881 757 938 aut
774 891 896 938 eorum
909 890 1073 938 eorumne
1086 863 1191 943 liberi
1216 947 1224 964 ,

165 949 443 1062 Propinquitates
459 965 556 1040 hisce
570 965 655 1040 solas
669 967 727 1040 dut
738 967 928 1062 legislator,
953 965 1012 1056 [h.
1029 993 1058 1040 e.
1074 965 1194 1056 admit·
1300 971 1308 982 '

162 1070 206 1136 tit
222 1083 382 1164 ritusque
396 1067 469 1157 uult
484 1063 571 1160 elle]
596 1067 705 1144 verbis
721 1069 779 1140 ille
795 1069 933 1166 quidem
950 1082 1046 1140 mens
1056 1067 1191 1140 breuio-
1280 1154 1285 1164 .

165 1167 260 1240 n'bus
276 1179 380 1265 utque
391 1169 658 1257 rotundioribus,
681 1195 785 1270 quem
794 1195 878 1264 ego,
902 1195 1022 1245 verum
1036 1170 1080 1257 id,
1095 1167 1191 1268 quod

162 1268 255 1356 dico,
280 1270 400 1348 voluit
449 1275 559 1345 Puero
581 1289 697 1344 eutem
718 1273 801 1346 huic
821 1297 862 1344 ex
878 1271 1005 1344 horum
1019 1273 1189 1360 omnium,

161 1395 252 1470 quos
268 1376 554 1462 commemoraui,
577 1373 759 1448 titulorum
774 1373 871 1446 nullo
892 1369 939 1444 est
954 1397 1041 1446 cum·
1052 1375 1189 1466 Hogniu
1230 1395 1235 1402 ·

158 1473 418 1570 propinquitas,
447 1472 504 1547 sed
522 1471 569 1548 ell
588 1489 681 1548 extre
699 1477 774 1548 eius
791 1475 1047 1570 cognationem.
1103 1479 1184 1556 Quo

157 1591 276 1646 nutem
289 1578 416 1648 certius
431 1593 534 1674 atque
550 1578 710 1675 liquidius
723 1576 918 1670 intelligetis
932 1566 1007 1648 bem
1022 1599 1117 1669 rem,
1139 1575 1185 1646 do

156 1701 226 1774 qua
239 1675 403 1750 iudicium
422 1674 495 1750 cllis
510 1678 627 1764 laturi,
650 1679 754 1752 dicito
769 1679 827 1752 hic
842 1674 1184 1772 [aduersariusmeus]

156 1773 285 1848 omiffis
300 1779 462 1852 omnibus
475 1781 661 1854 verborum
683 1777 900 1874 ambagibus,
930 1777 1105 1877 quodmm
1123 1803 1187 1849 no·

156 1903 241 1950 men
256 1905 381 1952 eorum
403 1884 561 1956 omniurn
579 1883 783 1972 nominum,
810 1906 898 1980 quae
913 1882 1186 1955 commemoraui

156 1981 264 2078 paulo
282 1997 377 2070 unte,
403 1983 485 2056 huic
500 2009 613 2084 puero
629 1984 834 2070 conueniat,
862 2007 935 2080 quo
956 1979 1184 2080 deprehendi·

154 2097 313 2158 turcum
330 2081 510 2172 delunldo,
533 2083 624 2158 vnde
646 2084 814 2158 hereditas
835 2077 989 2182 profesta
1010 2079 1075 2170 est,
1100 2107 1184 2156 con-

154 2179 295 2256 iunstus
311 2187 348 2256 in
364 2183 522 2278 sanguine
537 2181 615 2260 elle.
662 2185 766 2270 Quod
782 2183 805 2256 li
820 2185 875 2258 vel
888 2210 928 2256 er
943 2186 1184 2284 unoquopiem

154 2285 287 2358 horum
309 2287 489 2359 titulorum
511 2301 670 2386 apparent
692 2282 897 2362 detractum
920 2285 962 2358 ab
984 2286 1054 2358 hoc
1070 2310 1181 2384 puero
1301 2286 1307 2304 ’

155 2390 333 2481 contingi,
361 2387 484 2462 lubens
502 2415 567 2482 ego
583 2385 642 2488 ipfi
660 2389 702 2462 de
718 2384 847 2462 semille
867 2387 1065 2460 hereditatis
1083 2381 1183 2458 dece·

156 2485 244 2560 dam.
293 2493 480 2583 sinautem
496 2489 631 2591 prorsus
645 2491 780 2566 nullum
795 2489 939 2585 allegare
959 2491 1104 2589 poterit,
1129 2511 1183 2558 ec-

155 2594 216 2688 qui
231 2616 306 2665 non
321 2606 477 2668 teneatur
489 2590 684 2679 conuildus,
701 2594 774 2667 boc
786 2596 856 2685 agi,
879 2606 917 2663 ut
932 2590 1183 2663 commenticiis
1216 2639 1221 2647 -

155 2687 404 2779 causationibus
422 2708 583 2767 mevexet
596 2690 701 2794 atque
715 2696 871 2789 exagitet,
883 2716 944 2765 vos
954 2706 1078 2778 autem,
1095 2716 1198 2791 quae
1263 2717 1268 2731 “

155 2790 201 2865 est
218 2822 238 2867 a
254 2794 388 2888 legibus
404 2796 593 2871 abhorrens
608 2796 762 2881 audacie,
783 2794 938 2894 decipiat.
986 2792 1116 2866 iubebo
1124 2794 1193 2897 ³3³1
1249 2791 1253 2801 “

154 2910 211 2967 tur
228 2922 312 2969 eum
324 2898 393 2969 hoc
408 2900 444 2971 in
459 2897 607 2971 tribuual
622 2896 821 2985 escendere,
842 2910 949 2993 etque
972 2892 1019 2966 lic
1039 2898 1182 2967 interro-

153 2998 262 3091 gabo,
283 2996 432 3071 formula
448 3000 531 3093 legis
548 3014 626 3073 ante
651 2993 827 3097 pmeledlu
875 3000 959 3069 Hoc
973 2998 1065 3068 enirn
1080 2990 1181 3093 pallo

150 3100 352 3193 intelligetis
377 3104 528 3199 optime,
551 3125 638 3173 nurn
661 3124 771 3199 puero
794 3099 877 3173 huic
899 3096 966 3169 vlla
984 3123 1061 3196 pars
1085 3097 1183 3169 liere-

150 3200 268 3273 ditatis
281 3202 323 3273 nb
338 3205 472 3297 Hagniu
483 3198 619 3275 relidlae
633 3200 701 3273 vllo
719 3202 823 3275 titulo
837 3214 1023 3297 competat,
1045 3222 1109 3270 nec
1124 3223 1181 3269 ne.

151 3307 249 3399 Cape
264 3317 303 3375 tu
326 3305 459 3401 itaque,
482 3304 648 3398 [scribu,]
669 3302 730 3375 lies
750 3302 865 3396 leger,
882 3326 965 3399 quus
989 3300 1052 3372 illio
1077 3300 1182 3390 [iudi-

150 3405 276 3494 c'ibus]
303 3405 485 3502 pmelegns.
519 3420 559 3477 tu
582 3420 718 3491 eutem,
741 3406 827 3501 [qui
848 3400 1006 3475 aduersus
1028 3426 1086 3473 me
1111 3424 1182 3471 cer·

148 3508 242 3597 tas,]
270 3506 340 3577 huc
356 3506 398 3579 ud
412 3504 687 3605 respondendum
703 3506 791 3576 mihi
807 3502 958 3585 ascende,
1005 3501 1097 3573 Nam
1117 3502 1182 3575 lin·

149 3631 241 3700 guae
256 3604 469 3681 volubilitate
483 3608 609 3707 polles,
635 3606 962 3708 cauillationumque
975 3620 1080 3702 utque
1098 3628 1182 3675 eon·

148 3706 440 3793 cluliunoularum
460 3726 596 3783 uiarum
611 3708 763 3782 ludibriis
778 3704 977 3804 perturbere
995 3721 1182 3803 etquoper-
1330 3704 1334 3714 '

148 3810 268 3908 plexqs
282 3808 424 3886 reddere
438 3826 573 3885 mentes
588 3810 794 3893 hominum,
813 3808 1004 3904 legumque
1021 3806 1183 3905 depruun·

149 3936 189 3983 re
212 3910 415 3999 sententium
438 3910 532 3987 nolli.
580 3914 718 3985 Recital.
765 3905 886 3983 insiste.
935 3911 1010 4003 Ego
1033 3932 1116 3979 vero
1135 3920 1185 4003 te,

151 4015 224 4105 [mi
246 4010 448 4107 aduersam]
474 4010 703 4106 interrogabo.
777 4014 865 4084 Puer
887 4011 945 4082 hic
969 4004 1062 4080 ellne
1082 4007 1187 4081 freter
1261 4096 1269 4108 .

149 4114 340 4207 Hagniee?
359 4141 401 4187 nn
421 4114 468 4189 est
484 4114 620 4187 efrutre
637 4112 775 4211 nepos?
797 4127 856 4185 aut
871 4138 911 4184 eu
929 4109 1186 4206 sororencposl

150 4230 213 4289 eut
227 4214 475 4311 consobrinus,
500 4214 626 4299 iiueex
642 4226 741 4391 pnltq
756 4232 928 4300 materna,
947 4206 1018 4283 fiue
1031 4224 1192 4381 expetet}

728 4334 792 4408 14
994 4328 997 4333 ·
1123 4338 1168 4385 na
