3075 5150
157 576 249 663 ειμι,
366 530 566 645 runn'nr
613 574 1018 659 fluurorrnrc
1097 598 1171 677 401

153 754 448 869 iam-quisquam,
479 755 537 851 qui
561 731 759 851 persuadere
782 753 880 827 vobis
899 770 1062 843 conemur,
1082 782 1174 858 quae

152 852 278 923 mulier
292 854 421 925 volenti
436 856 559 951 cuique
575 858 768 927 communis
784 854 1170 954 sueritatquepatuerit,
1279 937 1284 948 ¹
1415 837 1417 902 i

150 980 226 1025 earn
243 978 350 1050 penes
366 954 575 1025 auunculum
590 952 740 1027 nostrum
758 956 836 1027 loco
854 958 1110 1031 matrissanaisiaa
1124 963 1168 1031 ri·

148 1068 183 1127 te
198 1052 430 1127 confarreatae
446 1051 566 1127 suisio?
588 1058 691 1153 Atqui
706 1082 766 1129 voa
774 1058 1087 1145 hocnoncredetia,
1104 1057 1166 1133 nisi

146 1154 440 1327 plspum'psecerit
459 1154 515 1245 id,
549 1156 640 1251 quod
657 1160 756 1228 initio
776 1157 878 1229 huius
893 1161 1055 1233 orationis
1070 1184 1167 1254 vrga-

236 1258 433 1353 ,primum
456 1257 541 1340 hoc,
570 1260 746 1329 cuiusnam
771 1256 832 1330 sub
854 1258 944 1331 dotia
965 1259 1165 1335 conditione
1324 1346 1330 1357 .
1418 1269 1419 1276 ’

145 1356 365 1428 Nicodemus
385 1356 514 1451 Pyrrho
536 1356 685 1428 sororem
707 1355 801 1429 suam
815 1358 1048 1457 desponderit3
1072 1360 1168 1435 dein·

146 1456 186 1529 de
204 1456 300 1555 apud
314 1482 498 1553 quemnam
512 1456 723 1530 Archontem
739 1457 807 1555 ipsa
814 1462 937 1531 mulier
945 1460 1166 1537 denuntiaue-

144 1561 205 1643 rit,
231 1557 449 1657 publicisque
464 1558 584 1629 tabulis
606 1556 870 1651 consignandum
891 1562 1090 1635 atabulario
1106 1586 1165 1637 cu·
1252 1561 1255 1569 ’

144 1662 292 1746 rauerit,
323 1658 357 1729 se
381 1658 484 1729 domo
507 1660 617 1729 mariti
636 1660 725 1731 ntro
749 1657 928 1744 excessisse,
951 1665 1117 1761 omnique
1129 1660 1166 1735 sa

144 1762 219 1833 iure
241 1758 303 1831 suo
324 1760 360 1829 in
388 1756 598 1831 substantiam
621 1774 656 1829 et
671 1764 912 1853 cognationem
929 1764 1001 1835 eiua
1014 1762 1075 1836 suo
1088 1762 1169 1837 saroa

143 1884 302 1957 rumque
324 1860 510 1933 liberorum
536 1863 678 1932 nomine
698 1858 884 1960 abdicasse5
916 1860 1008 1959 poss,
1037 1888 1058 1935 a
1078 1888 1164 1961 quo-

144 1986 224 2035 nam
248 1961 463 2033 Nicodemus
485 1960 602 2033 dotem
626 1986 690 2058 pro
712 1960 826 2033 sorore
839 1964 949 2035 datam
966 1962 1164 2061 sponsamue

142 2065 357 2161 recuperarit
396 2058 445 2144 osi
457 2057 625 2137 excessum
639 2064 720 2149 eius,
739 2064 798 2135 cui
808 2061 841 2138 se
855 2062 1003 2135 aitislam
1015 2053 1178 2162 spopon·’

145 2158 245 2249 disse;
264 2176 340 2249 aut,
360 2086 393 2231 ss
406 2161 542 2249 dotem,
563 2187 644 2235 cum
658 2160 867 2261 reposceret,
887 2167 1165 2262 recuperaremi-

145 2290 209 2337 nus
226 2265 398 2363 potuerit,
425 2286 607 2361 quamnam
629 2266 717 2335 intra
737 2264 856 2355 viginti
868 2288 977 2335 annos
992 2260 1164 2339 astionem

147 2364 281 2439 ineram
304 2362 503 2450 intenderit,
537 2366 596 2461 qui
619 2362 738 2459 Pyrrhi
756 2362 980 2437 hereditatem
1003 2364 1166 2437 omion-

147 2458 1164 2664 tsthssffid⁰323⁰fsdns⁰⁰42siddimi&

149 2664 259 2753 fuisse,
287 2664 357 2740 srue
380 2685 417 2738 vt
440 2667 557 2739 dotem
575 2665 676 2766 ipsam
691 2665 892 2763 reposceret.
918 2681 1092 2764 praeterea
1102 2666 1166 2741 do·
1211 2737 1217 2748 ,

150 2787 225 2842 ceto
238 2769 471 2854 bsrcodemus,
507 2793 592 2840 num
617 2767 672 2838 alii
686 2769 821 2864 cuipam
836 2768 985 2842 sororem
997 2766 1088 2840 suam
1105 2768 1164 2842 da·

150 2867 167 2940 s
185 2869 329 2952 onderit,
351 2867 419 2940 srue
432 2883 512 2940 ante
527 2867 734 2966 praetensam
750 2868 842 2940 issam
856 2869 1163 2960 ciuems’yrrho

150 2895 208 3042 ds
252 2965 424 3063 odonem,
455 2968 523 3040 siue
542 2971 644 3041 etiam
667 2965 761 3067 post;
793 2971 908 3056 item,
932 2994 1024 3042 num
1044 2968 1092 3040 'ab
1106 2968 1162 3042 illa

149 2995 309 3159 mussare,
341 3086 474 3168 praeter
494 3065 603 3156 istam,
634 3068 676 3139 de
697 3093 763 3166 qua
781 3093 874 3140 nunc
893 3072 1018 3162 agitur,
1049 3066 1164 3157 filiam,

149 3173 256 3244 adhuc
270 3171 326 3244 'alii
343 3195 482 3268 quoque
500 3169 594 3242 liberi
607 3169 698 3258 aliia,
728 3167 751 3242 fi
769 3171 829 3266 qui
845 3167 927 3242 tales
942 3169 1035 3255 sunt,
1055 3170 1164 3264 legiti-

148 3297 201 3344 me
216 3275 290 3346 nati
303 3271 437 3343 suerint
485 3275 582 3344 Haec
603 3271 699 3342 vobis
720 3295 760 3342 er
775 3270 834 3342 isso
851 3269 1081 3368 percontanda
1095 3265 1162 3342 esse

147 3371 347 3458 existimate,
372 3397 484 3472 neque
505 3369 740 3446 obliuiscimini
761 3367 955 3446 durissima
967 3371 1164 3468 nuptiasiiu

147 3475 324 3572 phratorae
344 3473 432 3544 illata
453 3475 671 3565 interrogare.
717 3477 968 3564 Argumentum
984 3474 1076 3542 enim
1092 3469 1162 3543 hoc

149 3573 191 3646 est
212 3601 289 3648 nora
310 3569 511 3646 leuissimum
533 3571 688 3644 aduersus
711 3571 814 3642 huius
830 3571 1055 3663 [Nicodemi]
1076 3567 1163 3643 testi-

147 3680 313 3751 monium.
363 3675 504 3748 Planum
517 3676 609 3746 enirn
624 3671 670 3746 est
683 3688 786 3769 atque
798 3671 1027 3769 perspicuum,
1049 3669 1164 3767 sisyr-

147 3777 227 3848 rhus
240 3775 361 3848 induci
378 3777 546 3874 potuerit,
563 3788 601 3846 vt
621 3775 798 3846 mulierem
819 3771 907 3844 hanc
919 3796 984 3870 pro
997 3797 1101 3844 uxore
1115 3771 1163 3846 le·

148 3879 261 3968 gitima
283 3874 342 3950 srbi
364 3875 487 3948 fineret
500 3873 714 3974 desponderi,
737 3867 909 3969 passurum
925 3898 1064 3971 quoque
1079 3897 1163 3946 euna

138 3974 241 4048 suisse
262 3975 295 4049 se
322 3975 468 4064 adduci,
504 3991 543 4048 vt
570 3999 634 4074 pro
664 4000 704 4048 eu
725 3967 894 4046 vissimum
918 3973 1104 4070 nuptialem
1122 3975 1162 4046 in

152 4077 325 4172 phratoras
348 4079 506 4166 inferret3
528 4080 632 4164 item,
662 4089 699 4148 vt
713 4071 833 4161 filiam,
857 4099 943 4171 quae
956 4099 996 4144 ex
1014 4073 1070 4144 ilsa
1087 4098 1162 4146 mu·

150 4173 224 4252 siere
237 4177 301 4279 ips
313 4195 394 4258 nata
408 4179 580 4282 proditur,
610 4177 650 4254 iu
670 4173 810 4350 eopzdem
827 4175 1004 4275 phruom
1024 4173 1163 4252 iuduce-

748 4299 768 4352 c
1107 4287 1165 4352 ret
