3075 5150
202 586 229 661 ·,
269 598 274 617 =
311 588 413 665 aaa·
451 660 453 668 ¹
498 556 645 647 rsaet
668 574 880 647 enarro
902 571 939 645 11
978 574 1141 647 svran
1222 590 1359 668 μω.

331 779 401 857 que
417 754 583 857 potestate
597 752 640 829 lit
653 748 823 828 hereditas
839 758 872 828 ei
890 772 1020 854 epatre
1033 752 1167 843 resista,
1188 755 1294 828 aiilio
1311 756 1368 829 ad·

197 944 200 958 ,
251 852 254 863 ’
336 874 458 959 optato
479 857 887 945 contumeliose'haberi,
916 862 977 957 qui
1001 884 1074 934 eam
1097 857 1289 933 hereditate
1307 884 1366 956 pa·

143 952 146 965 '
334 976 434 1034 terna
454 962 556 1061 plane
577 960 790 1035 denudatum
812 962 890 1032 eat?
923 960 1135 1059 praesertim,
1165 984 1247 1033 cum
1262 957 1367 1033 astio-

189 1130 196 1143 ,
337 1085 422 1137 num
435 1066 599 1136 omnium
615 1060 801 1157 intensum
816 1062 886 1133 hoc
899 1089 1004 1135 vnum
1023 1088 1132 1156 genua
1147 1059 1254 1135 solum
1268 1058 1365 1149 stit,

270 1162 273 1173 ’
336 1166 460 1263 inquo
481 1160 612 1237 astures
634 1164 811 1236 discrimen
826 1164 942 1236 damni
958 1165 1143 1263 accipiendi
1158 1164 1293 1237 utillum
1310 1162 1368 1235 ad·

337 1284 428 1354 eant¹
453 1282 490 1339 et
515 1268 644 1339 'volenti
668 1268 794 1365 cuique
818 1266 918 1337 liceat
941 1263 1075 1339 filiabus
1095 1266 1309 1351 succurrere,
1341 1261 1368 1335 li
1410 1278 1416 1292 “

338 1394 443 1469 quae,
466 1366 538 1439 fine
552 1366 731 1456 fratribus,
755 1392 840 1439 cum
857 1370 1064 1465 patrimonio
1081 1364 1214 1439 relistae
1227 1364 1368 1444 fuerim

337 1474 431 1543 Nam
458 1494 572 1569 neque
594 1466 740 1543 multlae
762 1469 909 1552 luendae
930 1469 1028 1542 locus
1049 1469 1099 1541 ell
1117 1472 1152 1541 in
1168 1469 1371 1541 huiusmodi

325 1570 380 1645 *ad
405 1572 621 1645 Archontem
645 1570 981 1659 denuntiationibus,
1015 1570 1097 1644 nesi
1138 1570 1254 1643 uidem
1271 1591 1373 1669 prot·

337 1671 391 1747 sus
417 1673 551 1747 nullum
579 1668 775 1767 suffragium
796 1664 1053 1747 denuntiatores
1075 1672 1117 1746 ub
1169 1674 1290 1759 lerint3
1308 1698 1374 1743 ne-

332 1798 408 1875 que
421 1774 592 1873 sportulae
607 1774 805 1860 soluuntur‚
831 1800 946 1874 neque
959 1774 1204 1872 lucrementum
1217 1774 1373 1873 ,deponi-

205 1908 209 1925 =
271 1876 280 1897 '
338 1890 415 1962 tur3
439 1874 498 1949 sed·
511 1873 616 1949 altori
630 1874 788 1977 quidem,
804 1873 1085 1975 quicunqueelle
1099 1878 1189 1964 vult,
1215 1872 1375 1948 dnevllo

175 1992 177 2008 '
218 2072 224 2083 .
336 1978 495 2078 periculo
517 1978 739 2051 denuntiandi
763 1976 912 2077 potelius
930 1976 998 2065 est,
1041 2006 1120 2052 reos
1143 1994 1260 2052 autem
1285 2001 1372 2049 con·

237 2123 239 2131 ι
336 2080 519 2153 damnatos
536 2096 710 2154 extremae
723 2097 864 2153 manent
879 2104 1012 2178 poenae
1027 2083 1062 2155 in
1077 2081 1279 2153 huiusmodi
1291 2103 1373 2151 eau-

338 2174 382 2253 lia
404 2182 635 2283 praescriptae.
685 2180 817 2254 Verafi
839 2178 978 2255 fuissent
999 2182 1073 2271 isia,
1107 2179 1195 2282 quae
1209 2199 1248 2254 tu
1263 2206 1372 2274 ⁸nune

145 2371 148 2381 Ι
191 2316 194 2324 ·
334 2282 435 2383 aulus
469 2310 507 2357 ea
539 2310 605 2384 pro
638 2280 835 2361 testimonio
864 2280 1047 2372 ullirmare,
1068 2302 1182 2357 vuum
1211 2294 1252 2356 t'u
1283 2298 1375 2355 tunc

210 2470 213 2478 Ι
255 2408 257 2416 ⁴
338 2380 466 2475 llrtim,
506 2403 646 2459 recente
668 2386 780 2460 adhuc
800 2388 939 2474 iniuria,
972 2384 1145 2461 tutiorem
1167 2390 1241 2459 eius
1256 2386 1374 2458 vitum

267 2548 276 2565 .
335 2484 430 2576 illes,
448 2482 496 2560 'an
511 2492 615 2561 etiam
628 2484 687 2563 illu
701 2486 848 2561 Endium
861 2492 930 2560 aiea
944 2488 1053 2577 clam,
1079 2504 1115 2560 et
1127 2485 1232 2571 inscio
1246 2502 1298 2576 te,
1313 2512 1377 2587 pa·

333 2573 459 2665 nasset
483 2596 613 2664 Annon
628 2617 669 2664 ex
684 2589 753 2690 ipsa
765 2591 871 2678 dote,
896 2613 998 2689 quam
1013 2593 1141 2663 lindius
1156 2591 1286 2689 spuriae
1293 2591 1377 2664 suae

334 2689 443 2764 sorori
459 2691 619 2781 addebat,
645 2691 859 2780 odorabana,
880 2696 979 2792 nepti
999 2707 1080 2764 triae
1093 2696 1249 2765 iniuriam
1268 2690 1376 2764 fieri?

235 2859 240 2874 .
293 2757 515 2874 'Debuilsea
542 2809 688 2894 propter
711 2795 781 2866 hoc
801 2793 916 2892 ipsum
944 2810 1114 2896 concepta
1135 2795 1377 2890 indignatione

335 2893 484 2968 Endium
502 2896 594 2994 apud
613 2897 830 2970 Archontem
844 2895 1075 2983 denuntiare„
1099 2897 1196 2995 quod
1212 2896 1282 2994 ipse
1297 2893 1378 2994 qui·

295 3025 299 3030 ·
333 2995 418 3070 'dem
439 2995 655 3072 substantiam
675 2997 787 3070 tribus
811 2998 949 3071 talentis
971 2997 1257 3097 aequiparabilem
1271 2993 1377 3096 polli-

336 3097 419 3171 dere
434 3097 633 3198 postularet,
659 3105 677 3188 (
684 3125 788 3199 quam
802 3101 931 3172 Endius
945 3125 1089 3199 quoque
1095 3103 1169 3172 iure
1177 3103 1301 3172 rnerito
1309 3125 1375 3197 po·

192 3231 198 3238 ·
275 3247 276 3252 κ
312 3195 504 3306 liniebat)
530 3197 635 3274 liliam
651 3227 733 3274 vero
751 3203 857 3300 patrie
879 3201 928 3274 sui
951 3203 1120 3302 adoptiui‚
1145 3203 1302 3302 quamuis
1326 3203 1377 3272 le·

338 3305 460 3398 gitime
488 3317 619 3390 naum,
659 3305 715 3375 alii
745 3307 896 3402 cuipiam
928 3326 1012 3377 cum
1042 3304 1153 3377 addite
1173 3304 1256 3376 dote
1276 3301 1375 3374 mille

203 3443 205 3454 ·
330 3405 578 3477 drachmarum
595 3405 812 3480 solummodo
836 3401 894 3500 [h.
919 3433 950 3478 e.
974 3406 1084 3478 sextae
1105 3409 1211 3505 partis
1226 3403 1376 3500 talenti]

165 3577 176 3592 „
279 3501 290 3584 ᾗ
327 3505 539 3580 'elocandam
554 3505 718 3582 censeret.
767 3507 1040 3580 FtNioodemua
1058 3509 1126 3580 hoc
1144 3533 1257 3608 aequo
1280 3505 1377 3578 tulis·

337 3603 387 3678 set
403 3610 544 3680 animo?
566 3633 639 3681 non
656 3609 733 3682 ideo
752 3605 1015 3681 succensuisset?
1050 3635 1124 3681 non
1148 3611 1295 3682 Endium
1316 3607 1375 3680 de·

208 3747 214 3769 ·«
336 3703 491 3780 tulisset?
516 3707 660 3782 Fecisset
671 3707 838 3809 profesio,
862 3713 909 3782 ita
923 3723 980 3784 me
995 3712 1080 3784 deus
1096 3727 1203 3800 amet,
1225 3707 1377 3809 siquod

237 3845 250 3876 ι
341 3812 398 3898 ait,
419 3812 580 3884 verumid
596 3825 634 3884 et
651 3829 786 3885 certum
794 3808 918 3886 suisset.
942 3811 1061 3897 Quid?
1084 3813 1376 3912 quodnevidetur

337 3912 589 4010 quidem'mihi
604 3939 774 4012 unquam,
795 3939 911 4014 neque
926 3915 983 3986 ille
1011 3915 1183 4007 [Endius]
1204 3913 1377 4013 nequevl·

324 4011 391 4085 'lus
408 4014 492 4088 elius
508 4011 599 4091 filius
615 4014 797 4114 adoptatus
815 4031 887 4089 tam
903 4033 964 4090 aut
978 4017 1114 4103 tardus,
1137 4033 1199 4090 aut
1212 4015 1379 4089 audatie-

174 4144 177 4153 ·
336 4129 492 4215 gumque
507 4131 733 4217 contemptor
746 4114 845 4192 fuisse
859 4121 896 4191 in
917 4143 992 4218 rep.
1017 4118 1266 4206 obtinentium,
1288 4131 1328 4186 vt
1349 4113 1377 4187 li

333 4218 641 4390 pater-adoptione
665 4243 834 4292 unacum
856 4217 1172 4293 hereditatediliam
1187 4213 1380 4317 reliquisset
1422 4251 1423 4258 ¹

317 4331 319 4340 ’
350 4311 488 4410 'ogitime
503 4335 636 4408 natam,
657 4343 731 4395 non
755 4321 827 4424 ipse
841 4347 919 4396 earn
940 4321 1087 4397 domum
1109 4322 1202 4397 suam
1223 4321 1381 4406 duceret,

1310 4420 1373 4529 nr
