3075 5150
132 590 232 677 sea
284 528 528 679 'arrum
574 584 954 662 ununmrars
1079 606 1155 684 ³99

135 761 254 853 luiffe,
292 792 380 865 quae
403 768 449 841 ob
473 768 575 841 huius
600 764 687 841 filiae
710 770 921 840 natiuitatem
944 766 998 841 die
1019 768 1156 841 decimo

133 866 206 967 post
227 869 321 941 illnn
343 884 444 969 partu
467 870 589 941 editam
614 868 800 943 celebrrtae
814 866 969 955 suilient3
1000 870 1160 967 denique,
1267 929 1272 937 .

133 970 166 1039 id
183 971 279 1069 quod
296 974 452 1044 omnium
468 972 688 1043 deterrimum
706 968 771 1060 est,
796 968 857 1071 ipli
870 998 950 1043 cum
968 966 1060 1043 aia‘tis
1076 975 1156 1070 Pyr.

133 1072 234 1145 rhum
250 1076 456 1145 morientem
472 1068 701 1159 demandasse,
724 1098 841 1145 curam
858 1075 961 1146 huius
977 1074 1160 1171 puellaert

135 1174 265 1246 velletis
282 1174 419 1247 habere.
469 1178 565 1269 Euge
577 1175 783 1275 praeclaram
797 1181 932 1248 curam!
979 1180 1069 1247 Tam
1080 1200 1159 1275 pro·
1207 1262 1217 1276 .

134 1272 175 1347 be
197 1274 410 1349 consuluistis
432 1278 481 1365 ei,
512 1292 550 1349 vt
571 1278 780 1377 pateremini
794 1301 869 1349 eam
892 1302 958 1377 pro
980 1274 1090 1375 spuria
1105 1278 1161 1353 de·
1184 1277 1189 1295 ’

133 1376 311 1475 sponderi;
343 1378 536 1477 praesertim
563 1405 650 1477 quae
671 1378 794 1450 sororis
816 1376 940 1451 vestrae
961 1404 1091 1455 nomen
1106 1404 1160 1474 ge·

134 1498 242 1566 reret,
266 1480 302 1551 id
315 1480 408 1578 quod
422 1471 481 1579 ip‘fi
495 1506 557 1551 vos
575 1506 639 1579 pro
654 1478 848 1553 testimonio
870 1476 1063 1553 affirmastis.
1110 1484 1161 1553 Ex
1205 1570 1209 1575 .
1339 1440 1348 1457 .

137 1581 187 1653 his
204 1585 324 1679 itaque
338 1608 358 1653 a
375 1576 560 1669 meditlia,
583 1596 619 1654 et
634 1608 673 1654 ex
686 1596 762 1654 tota
776 1580 891 1671 caula,
913 1581 1015 1655 facile
1026 1580 1161 1683 peripa-

136 1678 191 1755 tto
206 1687 338 1780 cuique
353 1682 417 1777 eil,
442 1708 545 1781 quam
566 1682 846 1801 impudentiffimi
861 1681 926 1759 fiat
942 1684 1163 1762 hihumines·
1255 1748 1263 1770 ,
1346 1746 1352 1764 .
1412 1695 1413 1702 ’

136 1788 341 1858 Auunculus
364 1790 457 1859 enim
480 1782 592 1857 noller
613 1786 635 1857 ir
660 1782 764 1857 filiam
785 1787 850 1864 rite
872 1783 933 1857 fibi
953 1799 1066 1857 natam
1084 1786 1162 1858 reli·

136 1884 279 1983 quiffet,
313 1912 426 1985 ecquo
451 1888 590 1959 fratrem
613 1885 765 1959 nostrum
779 1911 844 1987 pro
860 1884 931 1959 filio
947 1887 1110 1987 adoptato
1125 1890 1163 1961 in

138 1990 239 2061 bonis
255 1986 467 2087 reliquisset?
501 1988 641 2075 ideone,
664 1989 758 2089 quod
778 1989 831 2061 alii
847 1984 954 2063 client
964 1991 1164 2088 propinqui,

137 2086 383 2163 necellitudine
408 2090 575 2183 sanguinis
595 2094 801 2191 propiores,
838 2116 941 2189 quam
964 2115 1050 2177 nos;
1073 2114 1183 2189 quos⁸

140 2192 193 2264 ille
207 2194 334 2267 volens
347 2192 507 2265 facultate
525 2190 628 2265 filiam
643 2190 735 2267 suam
750 2194 786 2265 in
799 2194 873 2263 iure
886 2191 1027 2291 petendi
1050 2192 1162 2265 exclu-

140 2294 233 2384 dere,
259 2294 402 2367 fratrem
424 2290 576 2366 nostrum
593 2289 805 2395 adoptasset?⁸
836 2302 881 2364 nt
895 2317 1010 2393 oeque
1025 2293 1173 2367 fuit'vn·'

141 2419 242 2494 quam
259 2394 330 2467 filia
343 2396 529 2485 eiusmodi,
561 2400 658 2468 cuius
680 2394 816 2468 iri-foro
837 2394 1005 2497 petendae
1028 2410 1063 2466 et
1078 2395 1167 2468 obti-

143 2502 275 2571 nendoe
292 2500 390 2571 locus
406 2500 565 2597 cuiquam
581 2493 707 2585 luiiiet,
730 2522 845 2598 neque
860 2495 915 2573 est.
954 2496 1095 2569 'Liberis'
1104 2500 1165 2572 ita·

143 2625 208 2698 que
230 2601 340 2675 nullis
362 2604 518 2695 ingenuis
543 2603 583 2674 ab
606 2625 649 2673 eo
672 2596 814 2688 reliilis,
839 2625 944 2671 nemo
959 2599 1007 2671 illi
1020 2603 1169 2700 propior

142 2703 201 2790 est,
223 2727 332 2805 quam
348 2727 412 2776 nos
426 2703 549 2775 sumus.
599 2707 689 2774 Nam
704 2699 930 2802 nequefrater
941 2701 989 2774 illi
1005 2701 1082 2791 fuit,
1106 2728 1165 2774 ne·

144 2831 207 2904 que
227 2820 378 2904 nepotes
400 2831 441 2876 er
468 2804 587 2890 fratre,
618 2803 673 2877 sed
694 2827 757 2876 nos
773 2804 889 2875 lomus
904 2831 944 2875 ex
962 2807 1035 2876 eius
1051 2801 1166 2877 sorore
1214 2807 1222 2822 ¹

144 2911 219 2982 nati.
273 2915 388 3006 Atque
408 2919 542 2995 tamen,
563 2905 695 2978 medius
712 2903 814 2978 fidius
830 2909 895 3002 (ita
914 2901 1093 2977 fortallean
1110 2928 1168 2978 oea
1322 2915 1325 2924 '

143 3023 258 3081 curret
274 3008 360 3081 mihi
372 3010 559 3108 quispiam)
577 3009 728 3104 Pyrrhus
746 3009 848 3080 alium
876 3009 1060 3102 ecognatis
1073 3003 1098 3076 sr
1113 3007 1168 3080 ad-

144 3107 307 3210 optass'et,
326 3135 389 3182 vna
409 3136 490 3182 cum
506 3109 692 3184 hereditate
701 3107 805 3182 filiam
823 3133 964 3208 quoque
979 3111 1010 3182 ci
1027 3105 1169 3181 dedillet

145 3211 338 3286 habendam
362 3211 428 3312 p'ro
449 3237 564 3286 rxorc.
612 3211 766 3312 Ecquid,
798 3213 954 3308 inquam,
984 3212 1171 3308 oportebat
1201 3274 1204 3281 .

145 3316 316 3409 Pyrrhum
337 3317 383 3384 ita
401 3315 513 3413 palam
528 3339 775 3412 quemcunque
788 3313 924 3384 tandem
944 3324 1172 3406 cognatorum

148 3412 352 3488 offendere?
374 3419 430 3488 cui
445 3417 584 3504 licebat,
605 3411 628 3487 li
644 3415 956 3488 reueraNicodemi
969 3414 1120 3487 sororem
1133 3411 1173 3485 li·

148 3515 179 3588 bi
192 3513 342 3590 condet
381 3545 420 3590 ro
436 3516 683 3591 matrefamilias
703 3515 922 3614 desponderi,
944 3514 1065 3603 filiam,
1082 3521 1180 3615 quae¹
1302 3557 1306 3562 ·

149 3643 185 3689 ex
200 3647 241 3692 ea
257 3635 338 3692 nata
353 3541 464 3693 lirtur
476 3615 559 3705 elle,
582 3621 616 3692 in
632 3620 811 3718 phratoras
827 3618 1007 3704 inducere,
1029 3633 1068 3691 vt
1083 3643 1123 3689 ex
1137 3614 1171 3691 se

148 3719 301 3815 legitime
322 3737 454 3811 natam,
481 3735 517 3796 et
535 3723 701 3816 virginem
725 3719 889 3792 heredem
912 3720 1084 3794 uniuersae
1099 3717 1182 3814 subg

152 3819 291 3896 stantiae
301 3825 461 3898 indomo'
476 3825 533 3896 sua
547 3825 758 3922 relinquere,
781 3848 819 3893 ea
833 3822 926 3917 lege,
944 3838 983 3893 vt
994 3823 1170 3922 proximus
1319 3897 1328 3914 ‚

153 3941 320 4019 cognatus
344 3950 418 4000 eam
440 3925 501 4000 fibi
522 3951 540 3997 a
561 3925 726 3997 iudicibus
749 3942 885 3996 curaret
906 3923 1171 4012 adiudicandam,

152 4023 373 4126 filiorumque
394 4053 434 4102 ex
457 4029 515 4100 illo
539 4029 757 4099 matrimonio
779 4024 1017 4099 exstiturorum
1041 4023 1193 4198 aliquis,'

150 4133 349 4230 quicunque
363 4131 519 4217 tandem,
540 4131 577 4202 in
592 4153 719 4201 nomen
735 4145 944 4226 gentemque
960 4126 1051 4202 suam
1072 4153 1092 4198 a
1116 4151 1177 4228 op-

152 4247 310 4334 tuetur,
343 4237 429 4308 etin
455 4233 601 4309 domum
621 4229 714 4305 suam
731 4229 981 4312 munemne..
1036 4225 1174 4306 constat
1281 4288 1283 4292 ,

1071 4333 1180 4423 enirn,
